3293 3960
1582 249 1715 260 —--
1850 236 1932 266 xv1
2070 250 2202 257 ---

681 357 825 403 cistas
870 354 1102 417 persequi
1145 353 1364 414 reliquos
1411 369 1473 399 eo
1518 354 1682 401 minus
1718 355 2050 415 necessarium
2090 366 2190 415 est,
2223 356 2371 418 *quod
2419 359 2478 404 ab
2513 374 2594 419 re,
2640 375 2788 422 quam
2825 374 2959 407 nunc
2992 360 3091 424 agi-

682 439 811 483 mus,
835 421 1096 469 alieniores
1133 430 1276 479 sunt3
1311 436 1477 482 neque
1508 423 1644 473 enim
1678 422 1753 468 illi
1781 422 1833 469 in
1855 422 2120 470 verborum
2145 419 2485 487 'explicatione
2522 435 2573 470 et
2601 426 2959 491 significatione
2994 426 3092 473 ela-

682 490 923 538 boi-abant
982 487 1069 534 sed
1121 486 1173 533 id
1224 488 1391 549 potius
1452 488 1691 551 agebant,
1755 500 1811 535 ut
1863 490 2101 536 docerent
2167 506 2301 536 nunc
2347 500 2475 552 'quae
2537 506 2711 552 voces,
2770 507 2905 540 nunc
2966 506 3096 555 quae

684 571 866 602 vocum
911 555 1015 601 sive
1062 554 1252 600 formae
1298 555 1399 599 sive
1441 554 1823 617 significationes
1868 557 2097 619 propriae
2133 557 2409 611 Atticorum
2457 568 2650 616 essent,
2704 575 2888 621 easque
2924 560 3094 608 distin·

682 630 896 686 guerent
930 621 991 666 'ab
1042 620 1102 666 iis
1138 621 1341 666 vocibus
1377 636 1619 666 vocumve
1667 623 1840 669 formis
1886 633 1948 668 et·
1980 623 2445 687 significationibus,
2486 638 2613 687 quae
2661 623 2722 671 ad
2762 628 3092 673 'communem

684 703 972 734 sermonem
1021 688 1357 748 posteriorum
1399 686 1706 734 Graecorum
1755 690 1858 736 sive
1900 684 2092 749 solum,¹
2144 690 2250 736 sive
2298 701 2435 737 certe
2477 707 2581 739 non
2629 691 2798 738 minus
2845 692 2908 739 ad
2955 693 3093 741 hunc

685 771 837 817 quam
883 754 941 801 ad
990 754 1194 801 illorum
1241 769 1526 800 sermonem
1578 755 1904 816 pertinerent.
1979 759 2153 819 Itaque
2187 758 2430 815 Moeridis
2464 758 2720 805 Atticistae
2749 762 2903 812 Λέξεις
2939 759 3093 806 Ἀττι-

687 822 780 869 κῶν
824 825 898 868 καὶ
932 816 1176 879 Ἑλλήνων,
1225 822 1450 866 Thomae
1486 821 1715 885 Magistri
1760 825 1863 870 sive
1899 825 2147 870 Theoduli
2179 823 2420 872 Monachi
2457 824 2655 877 ’Λττίδος
2704 825 2943 873 διαλέκτου
2961 816 3094 873 ἐκλο-

684 892 791 946 γάς,
824 890 1150 951 Moschopuli
1183 887 1414 943 ὀνομάτων
1442 887 1656 934 Ἀττικῶν
1689 891 1934 949 συλλογήν,
1970 891 2274 938 Christoduli
2307 892 2538 956 Magistri
2574 910 2702 955 quae
2732 894 2786 939 in
2806 893 2949 940 ³MSS.
2968 895 3093 941 Nea-

686 957 920 1022 politanis
957 967 1091 1003 extat
1128 957 1473 1003 collectionem
1509 966 1559 1002 et
1590 957 1682 1003 alia
1721 958 1946 1006 eiusdem
1992 959 2177 1005 farinae
2212 958 2407 1006 silentio
2439 961 2895 1021 praetermittimus.

1873 1168 1934 1232 V.

829 1289 996 1375 Quod
1034 1334 1151 1364 vero
1186 1317 1245 1363 ad
1284 1319 1433 1364 unius
1465 1318 1568 1364 sive
1601 1326 1778 1379 poetae
1813 1319 1917 1364 sive
1953 1320 2228 1378 scriptoris
2259 1322 2338 1365 vel
2379 1330 2646 1381 poetarum
2693 1322 3095 1381 scriptorumque

691 1391 894 1451 generis
938 1386 1177 1433 vocabula
1227 1386 1510 1429 obscuriora
1564 1394 1613 1429 et
1663 1384 1911 1443 obsoleta,
1962 1384 2160 1430 initium
2215 1388 2423 1432 facimus
2451 1389 2532 1434 ’ab
2563 1380 2861 1434 'Homericis
2904 1388 3094 1453 glossis

695 1459 788 1504 Eas
821 1457 922 1502 iam
946 1454 1170 1499 multum
1207 1462 1321 1496 ante
1333 1451 1671 1514 Aristophanis
1710 1451 1886 1497 cornici
1913 1461 2142 1513 tempora
2162 1454 2222 1500 ab
2245 1456 2594 1518 grammatistis
2614 1456 2667 1502 in
2700 1454 3097 1523 litterariisjudis

697 1535 968 1582 enarratas,
1013 1518 1191 1566 litteris
1226 1526 1395 1564 autem
1433 1534 1601 1577 earum
1640 1518 1991 1581 explicationes
2024 1519 2125 1565 iam
2160 1521 2507 1568 Democritum
2540 1522 3098 1569 Abderitam-mandare

698 1606 986 1658 aggressum
1011 1602 1134 1646 esse,
1155 1586 1403 1632 Philetam
1440 1602 1557 1631 vero
1581 1587 1741 1632 Coum
1763 1585 2135 1650 diligentiorem
2173 1603 2375 1651 operam
2402 1589 2455 1635 in
2482 1588 2541 1651 iis
2575 1587 2859 1651 enarrandis
2873 1591 3098 1653 posuisse

699 1674 846 1722 supra
899 1659 976 1721 (p.
1012 1656 1069 1700 V.
1105 1668 1175 1716 sq.
1220 1669 1269 1716 p.
1306 1653 1388 1712 X.)
1435 1653 1765 1710 narravimus,
1816 1656 1966 1699 etiam
2010 1654 2395 1702 Parmenionem
2435 1656 2847 1722 glossographum
2879 1656 3096 1702 breviter

699 1725 1080 1792 significavimus
1127 1725 1252 1778 (not.
1294 1721 1440 1780 125.)
1525 1720 1627 1766 Illis
1680 1721 1889 1766 fortasse
1938 1721 2195 1783 proximus
2245 1733 2406 1769 aetate
2452 1734 2527 1769 est
2568 1725 2855 1771 Zenodotus
2887 1723 3097 1769 Alexan-

703 1794 900 1851 drinus,
962 1805 1113 1852 quem
1170 1789 1467 1853 cognomine
1520 1787 1674 1833 fuisse
1722 1787 1806 1832 τοῦ
1865 1788 1913 1832 ὲν
1971 1787 2103 1832 ἄστει
2183 1789 2470 1851 librumque
2527 1790 2589 1837 de
2646 1791 2916 1838 Homerica
2985 1793 3100 1834 con-

701 1860 967 1906 suetudine
1008 1859 1133 1914 (περὶ
1179 1854 1255 1913 τῆς
1292 1850 1521 1914 Ὁμηρικῆς
1554 1858 1830 1917 συνηθείας)
1881 1854 2093 1901 edidisse
2160 1855 2331 1901 Suidas
2385 1858 2458 1916 (s.
2494 1859 2569 1909 v.)
2621 1867 2794 1904 auctor
2833 1867 2948 1916 θεῖς
2987 1871 3097 1918 pro-

700 1926 863 1974 babile
908 1935 982 1971 est
1025 1925 1161 1969 enim
1217 1924 1355 1967 hunc
1406 1922 1716 1969 Zenodotum
1762 1938 1862 1969 non
1913 1938 2019 1968 esse
2072 1920 2320 1969 diversum
2365 1925 2425 1969 ab
2469 1940 2568 1984 eo,
2612 1925 2697 1986 qui
2741 1935 2790 1971 et
2829 1925 3098 1984 Κρατήτειος

702 1994 958 2042 dicebatur
1005 2001 1055 2037 et
1113 1990 1393 2049 Μαλλώτης,
1449 1991 1552 2036 sive
1608 1990 1742 2051 quod
1794 1991 1999 2035 'Cratete
2052 1989 2264 2036 Mallota
2285 1998 2303 2018 *⁹
2327 1992 2562 2055 magistro
2610 2003 2739 2037 esset
2793 1986 2937 2051 usus,
2993 1993 3097 2036 sive

704 2061 841 2124 quod
902 2058 1152 2105 domicilio
1209 2057 1413 2120 quidem
1456 2057 1843 2115 Alexandrinus,
1899 2057 2056 2117 patria
2114 2067 2280 2102 autem
2330 2057 2566 2104 Mallotes
2619 2068 2774 2116 esset3
2829 2059 2880 2105 id
2921 2060 3098 2120 proba-

702 2131 804 2175 bile
839 2128 961 2187 dixi,
1013 2126 1128 2187 quia
1163 2135 1218 2184 ut
1251 2125 1419 2170 Crates
1457 2138 1568 2170 cum
1601 2123 1882 2170 Aristarcho
1918 2124 2223 2168 simultatem
2261 2125 2543 2186 exercebat,
2598 2125 2665 2171 ita
2699 2125 2780 2172 hic
2813 2125 3099 2172 Zenodotus

704 2198 820 2254 πρὸς
854 2197 913 2239 τοὶ
958 2189 1033 2237 ὕπ’
1074 2192 1370 2252 Ἀριστάρχου
1406 2190 1692 2252 ἅθετούμενα
1741 2189 1824 2236 τοῦ
1868 2188 2063 2248 ποιητοῦ
2119 2191 2430 2252 scripsit¹⁹¹).
2534 2193 2718 2237 Verum
2767 2207 2880 2239 cum
2925 2190 2998 2238 bis
3045 2190 3099 2236 in

705 2263 907 2310 scholiis
938 2261 1218 2306 Homericis
1310 2255 1373 2321 (ὁ.
1405 2258 1519 2306 263.
1566 2271 1618 2313 σ,
1647 2260 1766 2320 22.)²
1834 2267 1887 2303 ut
1931 2256 2064 2320 apud
2106 2258 2429 2319 Apollonium
2501 2261 2561 2318 (v.
2620 2257 2796 2316 ζῶστρα
2839 2276 2949 2326 pag.
2984 2261 3097 2308 384.

705 2329 938 2388 Villois.)‚
1022 2328 1277 2373 Zenodori
1348 2326 1592 2387 quaedam
1660 2326 2019 2389 explicationes
2078 2324 2345 2370 verborum
2409 2338 2890 2388 commemorentur,
2975 2327 3096 2391 quin

707 2396 969 2454 semel¹⁹²)
1019 2396 1168 2442 etiam
1218 2394 1400 2440 diserte
1435 2394 1622 2440 dicatur
1664 2399 1703 2438 Z
1712 2394 1855 2453 ηνωδ
1866 2394 2007 2454 ω’ρῳ·
2032 2390 2098 2453 τῷ
2129 2394 2448 2453 συγγράψαντι
2481 2398 2585 2453 περὶ
2617 2394 2695 2453 τῆς
2728 2391 2917 2455 Ὁμήρου
2967 2396 3100 2453 συνή-

707 2468 841 2516 θείας
875 2465 944 2510 τὰ
987 2462 1097 2510 δέκα
1142 2463 1328 2521 βιβλία,
1375 2462 1463 2508 ubi
1508 2463 1740 2508 articulus
1784 2464 1895 2508 satis
1942 2462 2119 2525 probat
2161 2476 2265 2507 non
2310 2461 2554 2526 ignobiles
2601 2479 2686 2508 eos
2730 2464 2883 2509 fuisse
2929 2463 3098 2520 libros,

707 2549 875 2597 neque
911 2531 1147 2579 credibile
1182 2532 1244 2578 sit
1290 2530 1352 2576 de
1391 2529 1570 2576 eodem
1615 2540 1907 2594 argumento
1954 2544 2062 2574 esse
2109 2526 2224 2574 non
2260 2529 2424 2575 minus
2458 2529 2777 2576 Zenodorum
2822 2546 2973 2592 quam
3009 2532 3101 2575 Ze-

707 2602 955 2649 nodotum
992 2608 1411 2646 commentatum:
1456 2597 1540 2643 alii
1575 2597 1888 2643 Zenodotum
1925 2597 2128 2656 Suidae,
2176 2596 2260 2640 alii
2294 2595 2612 2643 Zenodotum
2656 2598 2965 2644 scholiorum
2999 2599 3101 2643 Ho-

689 2670 1013 2715 'mericorum
1047 2678 1096 2715 et
1128 2665 1384 2729 Apollonii
1420 2664 1897 2726 praetulerunt¹’³),·
1943 2679 2057 2708 cum
2091 2664 2145 2708 in
2180 2672 2443 2723 utramque
2475 2664 2775 2710 sententiam
2808 2680 2912 2714 non
2944 2679 3100 2726 pauca

708 2737 902 2799 possint
943 2733 1061 2794 dici,
1107 2736 1159 2779 in
1204 2743 1368 2779 utram
1404 2729 1758 2777 discedendum
1810 2730 1897 2789 sit,
1946 2731 2068 2775 mihi
2102 2746 2206 2776 non
2241 2730 2393 2792 magis
2446 2739 2663 2790 constat,
2712 2745 2864 2792 quam
2906 2746 3099 2793 nupero

710 2802 890 2848 Suidae
926 2800 1104 2847 editori
1143 2800 1374 2845 constitit.
1452 2797 1562 2842 Hoc
1597 2797 1706 2847 loco
1741 2812 1845 2842 non
1878 2796 2270 2860 praetereundus
2306 2805 2403 2856 est,
2449 2812 2600 2858 quem
2644 2797 2741 2845 iam
2777 2798 2974 2861 saepius
3012 2813 3102 2843 no-

709 2867 1034 2927 minavimus,
1078 2866 1322 2929 Tryphon
1350 2863 1737 2923 Alexandrinus,
1782 2866 1867 2924 qui
1912 2866 2137 2929 Augusto
2182 2863 2460 2925 imperante
2509 2863 2634 2910 vixit
2675 2876 2725 2911 et
2771 2864 2833 2911 de
2880 2865 3101 2911 dialectis

710 2933 947 2993 Homeri,
992 2934 1284 2993 SimonidiS,
1338 2932 1563 2990 Pindari,
1611 2931 1858 2977 Alcmanis
1908 2943 1958 2977 et
2002 2932 2312 2991 reliquorum
2357 2931 2627 2992 lyricorum
2673 2932 2999 2994 scripsit¹’⁴),
3049 2933 3103 2976 in

714 3122 777 3165 Cf.
807 3117 1042 3168 Ruhnken.
1072 3120 1122 3160 de
1150 3119 1218 3161 vit.
1248 3129 1286 3161 et
1316 3121 1480 3174 scriptis
1510 3119 1681 3173 Longiu.
1723 3133 1761 3172 p.
1790 3117 1871 3159 Cu,
1901 3118 1963 3159 ed.
1994 3116 2106 3180 Lips.
2262 3117 2339 3168 ¹⁹¹)
2368 3116 2430 3160 Cf.
2458 3131 2570 3171 quos-
2589 3116 2737 3158 excitat
2762 3115 2953 3159 clinton.
2981 3115 3029 3157 F.
3051 3116 3105 3158 Η.

717 3179 886 3228 3,,491.
1036 3173 1123 3221 ¹⁹²)
1151 3170 1295 3215 schol.
1323 3174 1371 3216 11.
1399 3178 1461 3226 Σ,
1492 3176 1583 3214 356.
1649 3203 1661 3214 .
1690 3178 1790 3223 499,
1818 3174 1856 3213 h.
1887 3177 1960 3223 ao,
1987 3171 2056 3211 ubi
2085 3169 2184 3211 eod.
2213 3168 2328 3212 Leid.
2354 3169 2476 3214 hahet
2505 3176 2540 3216 z
2571 3167 2743 3227 νοδόιφ.
2914 3172 3002 3221 ¹⁹⁸).
3023 3170 3105 3211 Ze-

715 3232 913 3270 nodorum
955 3226 1226 3280 praetulerunt
1259 3225 1306 3269 V
1302 3228 1496 3269 illoison.
1528 3226 1629 3281 (Pro
1647 3240 1776 3280 egam.
1803 3226 1844 3267 in
1870 3222 2055 3279 Apolloni.
2087 3221 2259 3274 mxvlt
2311 3231 2351 3265 et
2374 3188 2644 3267 Muetzeiiu
2669 3237 2785 3267 mens
2810 3224 2881 3277 (de
2909 3225 3106 3267 emendat.

716 3285 905 3336 theogon
947 3296 990 3335 p.
1016 3281 1130 3331 281.)
1192 3282 1343 3322 Contra
1375 3295 1465 3322 eum
1493 3280 1669 3322 Scholiis
1686 3279 1921 3322 Homericis
1956 3279 2137 3321 fecerunt
2161 3273 2212 3318 1⁴³.
2272 3309 2281 3317 .
2296 3275 2476 3331 Wolfiu
2510 3276 2765 3334 (Prolegom.
2786 3276 3038 3333 .p.chV1.)
3066 3283 3106 3335 et

715 3336 933 3381 licinius
961 3336 1028 3389 (de
1038 3334 1263 3377 Aristarch.
1293 3336 1393 3376 stud.
1421 3334 1625 3376 Homeris.
1654 3348 1696 3388 p.
1721 3335 1834 3387 228.)
1902 3333 1989 3388 ι’4)
2017 3328 2147 3374 δτιίά.
2173 3341 2209 3373 s.
2229 3342 2267 3374 v-
2301 3328 2481 3388 Τρύφων
2505 3355 2561 3364 -
2584 3335 2680 3387 περὶ
2706 3338 2790 3377 τῶν
2812 3331 3105 3391 παρ’.“ομἠρφ

716 3392 937 3435 διαλέκτων
962 3390 1033 3433 καὶ
1057 3391 1273 3450 Σιμωνίδῃ
1300 3390 1370 3435 καὶ
1396 3385 1597 3449 Πινδάρῳ
1622 3391 1691 3433 καὶ
1723 3388 1925 3442 Ἀλκμᾶνι
1956 3389 2026 3430 καὶ
2049 3391 2137 3436 τοῖς
2163 3384 2296 3436 ἄλλοις
2317 3390 2514 3442 manuele.
