3293 3960
1405 246 1509 255 -·-·
1651 234 1758 273 xxn
1777 270 1782 274 ⁴
1897 245 2000 254 ⁸—-

505 357 697 419 primus
750 356 814 402 sit
853 371 996 415 usuS,
1044 355 1262 418 denique
1307 365 1382 402 tot
1426 355 1692 415 vocabula,
1747 357 1929 418 quibus
1972 358 2079 421 ipse
2123 356 2474 415 aliastribuat
2501 359 2898 424 'significationes

506 439 655 487 quam
704 423 885 486 reliqui
926 423 1194 488 scriptores
1242 422 1322 469 vel
1364 437 1535 470 omnes
1587 422 1692 469 vel·
1720 434 1856 472 certe
1901 423 2142 490 pedestris
2188 424 2440 471 orationis.
2536 426 2685 476 Certo
2732 437 2900 476 autem

505 501 698 538 constat
734 491 795 537 de
845 492 905 536 iis
938 506 1065 552 quae
1102 491 1421 553 Thucydides
1458 499 1628 537 contra
1662 490 1943 556 analogiam
1977 500 2229 556 peccasset
2278 494 2404 551 (περὶ
2437 490 2531 538 τοῖν
2579 489 2901 554 ἡμαρτημένων

500 559 630 618 παρὰ
667 559 749 616 τήν
798 556 1048 612 ἀναλογίαν
1079 558 1356 622 Θουκυδίδῃ)
1396 555 1690 604 'Claudium
1727 557 2142 620 Didymum²⁴²)„
2188 558 2249 605 de
2284 558 2343 605 iis
2384 574 2511 621 quae
2544 559 2598 607 in
2627 562 2763 611 illius
2799 564 2902 611 elo-

504 627 708 672 cutione
753 626 807 672 in
854 626 1217 673 dubitationem
1254 636 1422 672 vocata
1466 625 1564 671 sint
1643 622 1754 683 (τῶν
1803 629 1934 686 παρὰ
1957 626 2226 690 ,Θουκυδίδῃ
2274 627 2552 684 ζητουμένων
2595 632 2714 674 κατὰ
2759 632 2900 690 λέξιν)

503 692 889 756 Euagoram²⁴⁸)
939 693 1180 740 Lindium
1226 692 1504 755 scripsisse3
1556 690 1617 737 ab
1661 690 1739 737 his
1783 695 1920 753 quod
1962 695 2135 744 Suidas
2181 704 2437 754 tamquam
2490 693 2742 757 singulare
2776 713 2904 760 opus

505 759 776 824 distinguat
810 760 1011 819 ζητήσεις
1061 762 1176 805 κατὰ
1218 764 1440 817 στοιχεῖον,
1472 757 1768 812 Θουκυδίδου,
1801 758 1972 809 minus
2006 771 2141 809 recte
2177 777 2294 808 eum
2328 760 2505 806 fecisse
2551 760 2649 806 iam
2687 760 2906 811 Gaisfor-

507 827 598 874 dus
638 826 876 885 coniecit5
924 828 1181 891 probabile
1216 839 1290 874 est
1323 827 1458 874 enim
1491 841 1570 873 eas
1601 825 1798 884 ζητήσεις
1835 842 1940 874 non
1972 829 2069 876 alio
2103 844 2250 890 quam
2287 826 2349 874 ad
2391 828 2450 872 τὰ
2493 827 2738 885 ζητούμενα
2786 832 2904 876 κατὰ

505 894 981 955 usar-pertinuisse
1027 904 1176 956 atque
1229 894 1290 940 ad
1340 894 1615 940 litterarum
1651 892 1878 951 ordinem
1931 893 2193 958 dispositas
2233 894 2412 950 fuisse3
2456 893 2581 941 haec
2630 909 2749 941 vero
2798 911 2903 954 non

507 961 696 1005 fuerint
731 960 924 1006 diversa
960 962 1020 1006 ab
1055 966 1152 1010 ταῖς
1181 961 1471 1017 ἐζητημέναις
1506 958 1597 1003 τοῖν
1633 959 1818 1013 λέξεων,
1864 975 1984 1021 quas
2016 962 2122 1008 noli
2155 976 2266 1008 cum
2303 959 2618 1019 Rankeo²f⁴)
2658 961 2904 1024 interpre-

505 1028 600 1073 tari
642 1028 768 1088 ,,τὰς
814 1032 1019 1079 σπανίως
1060 1030 1336 1088 εἶρημέναςίί
1386 1038 1588 1088 „contra
1633 1042 1779 1073 usum
1818 1037 1867 1074 et
1904 1029 2316 1081 consuetudinem
2368 1027 2773 1087 dictas‚“-immo
2819 1029 2904 1087 sic,

505 1095 562 1139 ni
598 1096 766 1156 fallor,
802 1106 948 1142 voces
985 1098 1150 1159 potius
1186 1096 1501 1156 dicebantur,
1537 1109 1686 1156 quae,
1724 1094 1856 1157 quod
1891 1095 2058 1158 aliqua
2094 1096 2390 1143 obscuritate
2423 1094 2714 1143 laborabant
2751 1100 2904 1157 'atque
2979 1115 2981 1117 ¹

511 1163 898 1224 explicationem
946 1164 1147 1206 dubiam
1190 1156 1465 1223 habebant,
1524 1163 1582 1205 ab
1625 1176 1728 1205 non
1773 1162 1942 1226 paucis
1990 1164 2044 1208 in
2090 1163 2435 1227 quaestionem
2479 1161 2806 1224 vocabantur,
2852 1162 2906 1212 id

512 1241 589 1273 est
625 1232 891 1288 vocabula,
942 1231 1003 1273 de
1039 1232 1218 1290 quibus
1255 1232 1481 1287 ζητήσεις,
1524 1231 1770 1286 ζητήματα,
1804 1231 2131 1287 προβλήματα,
2170 1232 2425 1282 ἐνστάσεις,
2464 1228 2658 1288 ἀπορίαι
2670 1260 2684 1282 ,
2725 1230 2906 1288 ἀπυρή-

509 1315 633 1352 ματα
667 1296 726 1342 ab
752 1297 1084 1360 grammaticis
1117 1297 1639 1355 instituebantur²⁴⁵);
1689 1313 1745 1341 ea
1780 1291 1961 1360 genera
1986 1299 2344 1343 vocabulorum
2367 1313 2470 1344 non
2490 1298 2636 1359 pauci
2656 1312 2909 1344 commen-

509 1365 642 1410 tariis
676 1363 1012 1422 illustrabant,
1048 1374 1105 1410 ut
1133 1363 1269 1410 enim
1304 1364 1401 1424 „de
1436 1362 1652 1410 obscuris
1690 1362 1924 1409 Catonis“
1943 1364 2145 1410 Verrius
2158 1365 2374 1424 FlaccuS‚
2408 1363 2903 1423 sicParthenius²⁴⁶>

510 1436 615 1489 περὶ
649 1429 741 1476 τῶν
773 1433 901 1489 παρὰ
936 1436 1029 1482 τοῖς
1065 1431 1310 1489 ἱστορικοῖς
1343 1432 1505 1484 λέξεων
1549 1431 1850 1489 ζητουμένων,
1896 1430 2223 1477 Philostratus
2242 1432 2333 1491 ²⁴⁷)
2380 1432 2437 1486 τᾷ
2484 1430 2729 1489 ζητούμενα
2774 1435 2902 1490 παρὰ

509 1504 601 1550 τοῖς
637 1493 845 1558 ῥήτορσι,
880 1499 1244 1558 Diodorus²⁴⁸)
1267 1499 1504 1545 Pollionis
1539 1499 1569 1544 f.
1605 1498 1809 1556 ἐξήγησιν
1843 1496 1933 1543 τοῖν
1968 1498 2246 1556 ζητουμένων
2277 1500 2406 1558 παρὰ
2438 1503 2530 1550 τοῖς
2564 1498 2673 1544 δέκα
2704 1495 2904 1559 ῥήτορσι,

507 1568 839 1623 Boethus²⁰>
875 1570 981 1624 περὶ
1014 1566 1106 1611 τῶν
1150 1568 1280 1623 παρὰ
1314 1567 1531 1611 Πλάτωνι
1560 1564 1882 1625 ἀπορουμένων
1922 1566 2102 1621 λέξεων,
2134 1564 2488 1628 Didymus²⁵⁰)
2538 1565 2753 1630 denique
2803 1573 2909 1626 περὶ

507 1633 820 1693 ἀπορουμένης
863 1635 1022 1685 λέξεως
1062 1635 1269 1698 scripsit.
1340 1634 1515 1679 Redeo
1552 1635 1611 1679 ad
1645 1634 2005 1695 Thucydidem.
2089 1635 2218 1679 Cum
2246 1634 2669 1694 Marcellinus²⁵¹)
2720 1636 2773 1681 in
2808 1637 2907 1681 vita

508 1701 817 1762 Thucydidis
868 1702 1185 1763 aliquotiens,
1219 1700 1375 1746 veluti
1408 1710 1614 1762 propter
1647 1701 2200 1765 gentis-Thucydideae
2246 1701 2490 1765 originem
2528 1710 2577 1746 et
2610 1703 2908 1766 prosapiam,

508 1779 714 1831 propter
732 1768 884 1831 patris
918 1785 1133 1827 nomen,
1169 1778 1375 1829 propter
1409 1778 1654 1827 mortem,
1688 1784 1837 1829 quarn
1872 1768 1913 1813 is
1948 1768 2156 1813 Athenis
2193 1766 2401 1826 obisset,
2438 1767 2656 1828 Didymo
2686 1770 2908 1816 testimo·

508 1836 652 1882 nium
687 1832 970 1895 denunciet,
994 1836 1226 1882 nonnulli
1261 1834 1484 1881 virorum
1521 1834 1778 1880 doctorum
1815 1850 1870 1880 ea
1906 1834 1964 1880 ad
1989 1834 2253 1880 Claudium
2278 1834 2554 1894 Didymum
2589 1837 2905 1891 rettulerunt,

510 1917 662 1963 quern
680 1902 895 1948 vidimus
918 1902 1161 1963 quaedam
1196 1902 1258 1947 de
1295 1900 1829 1963 dictioneThucydidis
1861 1900 2138 1962 scripsisse;
2175 1900 2353 1962 quodsi
2387 1910 2565 1962 reputo
2584 1901 2788 1963 Didymi
2821 1904 2906 1948 ubi

510 1969 674 2015 solum
710 1985 897 2016 nomen
933 1971 992 2015 ab
1026 1969 1363 2034 grammaticis
1389 1977 1628 2031 ponatur,
1666 1985 1723 2014 eo
1756 1969 1901 2014 illum
1925 1968 2490 2029 Ciceronis,aequalem‚
2525 1967 2605 2014 cui
2632 1984 2910 2034 cognomen

512 2046 618 2083 erat
671 2036 1026 2096 Chalcentero‚
1077 2036 1365 2101 significari,
1430 2035 1578 2082 etiam
1630 2036 1713 2082 illa
1755 2036 1816 2083 ad
1856 2034 2133 2097 Didymum
2182 2034 2553 2098 Aristarcheum
2607 2037 2910 2096 rettulerim,

509 2119 678 2165 neque
704 2120 819 2150 vero
858 2121 971 2150 eum
1007 2099 1068 2150 d'e
1103 2106 1200 2150 vita
1235 2113 1430 2150 tantum
1467 2102 1769 2163 Thucydidis
1806 2103 2060 2165 scripsisse
2088 2102 2380 2149 crediderim
2416 2102 2502 2148 sed
2555 2103 2684 2149 vitae
2719 2121 2912 2150 enarra·-

511 2170 700 2217 tionem
745 2171 994 2232 quendam
1042 2172 1183 2233 quasi
1225 2171 1508 2236 ingressum
1544 2170 1696 2219 fuisse
1735 2170 2111 2230 commentarii,
2152 2186 2252 2233 quo
2299 2169 2439 2216 illius·-
2477 2169 2730 2232 historias,
2779 2184 2911 2218 certe

512 2254 684 2283 earum
718 2238 1391 2286 elocutionemillustraverit.

645 2452 740 2503 Sed
775 2453 899 2503 haec
934 2455 1189 2502 hactenus.
1262 2452 1408 2515 Quod
1448 2452 1584 2501 enim
1620 2454 1867 2514 reliquum
1893 2463 1991 2512 est,
2043 2453 2200 2511 cives,
2236 2463 2349 2514 post
2383 2452 2603 2500 hiemem
2636 2455 2759 2501 adeo
2790 2454 2909 2500 fata-

515 2522 616 2570 lem
655 2520 798 2568 nobis
844 2531 953 2570 tum
989 2520 1463 2580 DELBRVECKII,
1507 2519 1598 2566 viri
1641 2529 1775 2568 tanta
1827 2530 1877 2569 et
1920 2521 1974 2568 in
2010 2534 2185 2568 omnes
2232 2519 2541 2568 humanitate
2586 2533 2636 2570 et
2679 2522 2733 2570 in
2766 2521 2912 2568 rebus

514 2590 694 2635 nostris
741 2590 1066 2651 procurandis
1115 2590 1212 2635 fide
1245 2598 1400 2650 atque
1442 2586 1707 2647 industria,
1753 2598 1864 2634 turn
1898 2588 2051 2634 trium
2087 2587 2426 2650 professorum
2477 2588 2616 2636 obitu
2661 2604 2765 2636 non
2798 2603 2913 2653 pos-

513 2672 684 2704 sumus
743 2656 969 2703 instantis
1024 2658 1224 2702 aestatis
1289 2656 1576 2702 scholarum
1634 2655 1823 2701 tabulas
1878 2656 2017 2701 vobis
2076 2654 2297 2715 tradere,
2360 2654 2480 2717 quin
2543 2671 2755 2719 quorum
2820 2672 2909 2703 no-

511 2725 727 2770 minibus
792 2740 928 2770 nunc
984 2725 1205 2788 primum
1270 2725 1364 2770 hae
1433 2723 1635 2768 tabulae
1703 2723 1962 2784 carebunt,
2040 2737 2217 2767 eorum
2285 2732 2418 2768 certe
2493 2726 2735 2772 memoria
2799 2739 2911 2789 pro-

515 2792 738 2838 oemium
813 2808 1051 2838 ornemus
1119 2792 1299 2838 tabulis
1374 2790 1813 2853 praemittendum.
1875 2816 1942 2825 —
2066 2791 2255 2834 Verum
2318 2786 2791 2839 SCHMELZERVS
2864 2802 2912 2838 et

511 2858 905 2905 VOIGTELIVS
977 2875 1091 2906 curn
1169 2861 1398 2925 vulgares
1469 2857 1599 2903 vitae
1666 2858 1900 2904 terminos
1966 2857 2186 2903 multum
2255 2858 2435 2921 egressi
2501 2868 2707 2906 naturae
2774 2861 2910 2907 satis·

512 2926 747 2986 fecerint,
829 2927 1170 2974 desiderantur
1238 2926 1443 2988 quidem
1511 2926 1571 2970 ab
1636 2925 1758 2983 suis,
1837 2926 1897 2971 ab
1962 2924 2133 2970 amicis
2197 2934 2247 2971 et
2301 2924 2648 2986 familiaribus,
2731 2928 2910 2989 quibus

514 3003 684 3039 autem
751 2994 1035 3041 nominibus
1101 2995 1162 3041 de
1234 2995 1562 3041 honestarum
1629 2992 1808 3039 artium
1877 2992 2051 3039 studiis
2115 3000 2166 3037 et
2232 2991 2292 3038 de
2355 2992 2448 3039 hac
2516 2994 2680 3040 schola
2748 2996 2916 3041 meriti

514 3060 637 3120 sint,
713 3075 811 3122 quo
857 3062 1011 3126 magis
1057 3062 1192 3123 prior
1242 3071 1374 3107 aetas
1429 3059 1594 3119 novit,
1680 3074 1739 3105 eo
1792 3059 1958 3105 minus
2008 3059 2215 3105 fortasse
2266 3058 2389 3105 haec
2433 3060 2665 3107 iuventus
2714 3077 2915 3125 persen-

659 3240 755 3290 ²⁴²)
784 3236 912 3282 Suid.
943 3253 977 3281 ε.
1006 3254 1043 3281 v.
1076 3244 1258 3293 Δίδυμος
1285 3238 1307 3285 ὁ
1336 3239 1556 3291 Κλαύδιος.
1719 3242 1812 3292 ²⁴³)
1841 3238 1911 3280 Id.
1941 3254 1966 3279 v
2016 3238 2085 3285 Εὖ
2138 3237 2247 3295 ὁρας.
2420 3242 2516 3293 ²⁴⁴)
2546 3240 2722 3284 Roenke.
2753 3243 2914 3284 del-Ic-

514 3294 627 3344 sych.
658 3308 699 3349 p.
730 3298 796 3335 25.
954 3296 1052 3345 ²⁴⁵)
1078 3294 1231 3337 Lei-rs.
1270 3297 1318 3335 de
1346 3295 1568 3338 Aristarch.
1599 3308 1637 3347 p,
1663 3299 1755 3337 200.
1924 3295 2019 3343 ²¹⁶)
2046 3291 2114 3335 At
2145 3307 2219 3335 en..
2242 3293 2317 3343 XI,
2344 3298 2445 3346 467,
2471 3309 2504 3337 c.
2660 3297 2754 3348 ²¹⁷)
2781 3294 2912 3338 said.

514 3361 546 3389 s.
576 3361 617 3390 V.
779 3346 876 3400 ²⁴⁸)
907 3344 1035 3391 Suid.
1067 3362 1099 3389 s.
1126 3362 1165 3390 v.
1200 3353 1389 3396 Πωλίων.
1563 3349 1658 3402 ²¹⁹)
1688 3346 1815 3390 Phot·
1846 3348 1933 3390 cml·
1966 3349 2055 3390 155-
2229 3349 2322 3404 ²⁵⁰)
2349 3347 2577 3409 Harpocr·
2606 3364 2645 3392 v.
2673 3348 2912 3407 δερμησῐήςὲ

516 3404 611 3454 ²⁸¹)
638 3401 903 3445 Marcellin.
932 3402 972 3455 ξ.
1000 3408 1040 3445 3.
1071 3408 1133 3447 16.
1162 3408 1226 3445 22·
