3293 3960
1097 287 1207 295 -·—·
1340 275 1426 306 XXI
1562 285 1666 292 --

226 398 494 468 propterea
525 396 870 456 coniecerunt,
907 396 1041 458 quod
1077 390 1349 452 Ἡρωδιανὸς
1383 394 1431 439 ἐν
1463 391 1528 453 τῷ
1558 396 1664 452 περὶ
1698 390 1937 451 ἐξηγήσεως
1973 388 2062 436 τῶν
2096 391 2258 441 λέξεων
2285 385 2608 449 Ἱπποκράτους

227 463 621 529 ιώΕῑγηιοιῑοὲο
655 463 956 527 Magno²⁸⁴)
991 462 1045 508 in
1078 458 1275 519 ἄμίτοτις
1307 463 1361 508 in
1401 472 1564 524 partes
1600 470 1832 521 vocetur,
1881 474 2006 521 quae
2042 475 2133 506 vox
2168 474 2280 505 cum
2318 457 2469 505 hodie
2505 476 2606 508 non

228 531 447 586 extetwin
480 531 738 591 ErotianO,
789 543 994 577 necesse
1031 540 1133 577 erat
1178 529 1492 577 coniecturae
1527 528 1862 574 coniecturam
1907 537 2275 588 superstruere,
2322 535 2371 570 et
2406 538 2607 573 conten-

227 601 344 660 dere
376 598 563 663 perisse
592 606 785 661 partem
821 597 1200 659 eam’Erotiani,
1234 597 1288 644 in
1324 612 1420 659 qua
1456 596 1720 652 extitisset,
1756 595 1897 658 quasi
1925 609 2041 638 vero
2077 609 2177 639 non
2220 595 2386 638 minus
2423 593 2608 640 Erotia-

225 683 319 715 nus
359 664 862 728 ‘quam-Heredianus
911 678 1018 710 eam
1055 666 1304 727 suscipere
1345 664 1564 725 potuerit
1606 663 1934 724 provinciam,
1989 671 2074 705 aut
2118 663 2156 705 si
2192 663 2318 705 alter
2361 662 2499 705 locus
2543 664 2606 708 ad

227 734 441 781 alterum
479 731 819 778 immutandus
868 740 969 790 est,
1012 745 1115 776 non
1160 731 1441 777 credibilius
1486 730 1549 774 sit
1589 729 1647 773 ab
1715 729 1913 773 librario
1959 727 2162 789 'vulgare
2208 727 2478 772 Herodiani
2520 746 2607 773 no-

224 815 347 848 men
390 814 483 862 pro
528 799 694 844 minus
748 807 870 843 noto
914 798 1144 843 Erotiani
1186 799 1418 856 nomine,
1483 811 1631 857 quam
1676 806 1844 841 contra
1884 795 1983 839 hoc
2032 809 2121 855 pro
2166 793 2253 839 illo
2299 804 2347 839 et
2396 793 2447 839 in
2496 796 2604 858 ipso

224 867 341 915 libri
374 867 536 913 indice
575 881 692 913 esse-
716 865 1001 926 repositum.
1068 866 1190 911 Utut
1225 875 1322 924 est,
1358 880 1472 910 cum
1501 863 1551 909 id
1584 862 1877 926 glossarium
1912 859 2289 921 „Andromacho
2322 862 2609 909 archiatro“

224 934 519 995 inscriptum
567 933 668 991 sit,
698 932 737 977 is
791 942 959 979 autem
1001 946 1102 977 non
1147 932 1366 983 diversus
1400 931 1626 976 videatur
1676 930 1735 974 ab
1777 929 1934 975 nobili
1969 928 2178 974 Neronis
2228 929 2467 975 archiatro
2506 933 2608 976 An-

228 999 496 1046 dromacho
543 997 794 1056 Cretensi,
842 998 928 1058 qui
966 1006 1066 1043 tres
1113 998 1263 1045 libros
1314 998 1375 1043 de
1417 997 1889 1043 medicamentorum
1941 994 2123 1039 viribus
2177 996 2365 1055 scripsit
2396 997 2608 1042 medica-

226 1074 499 1127 mentaque
534 1073 584 1111 et
618 1064 878 1126 emplastra
913 1063 1018 1124 non
1051 1079 1208 1125 pauca
1241 1064 1522 1126 composuit
1556 1073 1703 1123 atque
1738 1062 2024 1123 saepissime
2059 1061 2118 1103 ab
2150 1061 2338 1105 Galeno
2377 1074 2425 1105 et
2460 1065 2604 1108 Aetio

227 1141 558 1195 memoratur,
605 1131 647 1177 si
683 1129 991 1176 Herodianus
1024 1131 1245 1194 glossarii
1290 1141 1460 1176 auctor
1498 1138 1626 1187 erat,
1680 1138 1809 1173 certe
1845 1126 2221 1190 distinguendus
2270 1139 2341 1172 est
2376 1128 2434 1172 ab
2472 1130 2603 1175 claro

227 1199 577 1263 grammatico,
626 1196 877 1258 Apollonii
912 1197 1115 1258 Dyscoli
1159 1197 1283 1256 filio',
1340 1197 1425 1258 qui
1473 1196 1564 1241 sub
1601 1196 1771 1240 Marco
1807 1194 2060 1239 Antonino
2110 1193 2289 1237 floruit.
2370 1195 2614 1241 Ceterum*

225 1266 452 1331 glossarii
484 1280 589 1310 non
622 1264 785 1309 solum
822 1263 960 1309 ordo.
983 1263 1069 1324 qui
1113 1279 1246 1309 nunc
1281 1273 1370 1322 est,
1406 1263 1494 1309 sed
1529 1262 1688 1307 omnis
1722 1262 1878 1306 forma
1912 1260 2132 1305 multum
2169 1259 2441 1320 discrepare
2476 1263 2605 1308 vide-

228 1346 310 1379 tur
344 1334 404 1380 ab
439 1330 762 1396 primigenia,
797 1329 846 1378 id
883 1330 1016 1392 quod
1052 1330 1288 1393 praefatio
1324 1331 1429 1394 ipsa
1464 1329 1652 1394 probat.
1688 1355 1754 1364 --

364 1399 511 1461 Quod
546 1399 608 1445 ad
641 1398 992 1459 philosophae,
1036 1399 1319 1445 Democriti
1349 1399 1534 1462 glossas
1571 1397 1924 1457 Callimachus,
1969 1398 2206 1443 Platonis
2238 1398 2374 1446 λέξεις
2416 1399 2609 1460 Harpo-

231 1467 382 1514 cratio
420 1466 628 1530 Argivus
673 1465 891 1511 Caesaris
936 1465 1186 1510 familiaris
1231 1465 1422 1510 duobus
1468 1464 1606 1510 libris
1653 1465 2023 1521 enarravit²³⁵);
2069 1463 2123 1507 in
2160 1464 2264 1508 'hoc
2314 1477 2605 1527 argumento

231 1533 608 1581 elaboraverunt
653 1533 801 1578 etiam
836 1531 1178 1591 Clemens²³⁶)
1217 1541 1265 1576 et
1299 1532 1547 1591 Boethus,
1583 1546 1793 1592 quorum
1825 1531 2014 1588 hic²³⁷)
2050 1545 2153 1573 non
2188 1531 2348 1574 solum
2385 1535 2486 1587 περὶ
2519 1531 2608 1574 τῶν

229 1602 357 1658 παρὰ
400 1601 614 1644 Πλάτωνι
662 1597 986 1655 ἀπορουμένων
1034 1598 1194 1646 λέξεων
1235 1599 1417 1652 librum
1454 1598 1795 1659 Athenagorae
1830 1597 2122 1657 inscriptum
2155 1596 2241 1640 sed
2277 1597 2423 1641 etiam
2452 1600 2610 1646 λέξεων

229 1665 537 1720 ,Πλατωνικῶν
569 1666 832 1720 συναγωγὴν
864 1666 978 1709 κατὰ
1013 1669 1232 1719 στοιχεῖον
1256 1664 1546 1709 Melanthae
1577 1662 1846 1708 dedicatam
1884 1662 2059 1721 edidit,
2093 1677 2243 1722 quam
2279 1662 2481 1708 Photius
2518 1668 2609 1710 uti-

230 1735 371 1780 litate
404 1733 622 1779 multum
656 1740 904 1795 praestare
942 1740 1112 1777 censet
1146 1730 1338 1777 Timaei
1372 1729 1677 1788 collectioni,
1722 1744 1848 1790 quae
1883 1728 2136 1789 hodieque
2172 1738 2319 1776 extat.

366 1800 512 1862 Quod
559 1799 620 1846 de
674 1814 845 1846 rerum
880 1799 1241 1860 scriptoribuS,
1302 1797 1556 1844 Herodoti
1591 1797 1773 1862 glossas
1818 1795 2227 1859 Apollonius²³⁸)
2278 1797 2445 1842 nescio
2503 1800 2610 1859 quis

233 1867 521 1931 explicavit3
575 1866 848 1931 cogitabam
895 1866 956 1910 de
990 1866 1254 1928 Apollonio
1301 1864 1556 1908 Chaeridis
1602 1873 1687 1907 aut
1727 1863 1788 1907 de
1822 1862 2089 1924 Apollonio
2124 1864 2364 1921 Archibii,
2422 1878 2611 1923 postre-

230 1950 373 1980 mum
419 1934 480 1979 de
515 1933 782 1995 Apollonio
815 1933 1063 1993 Dyscolo,
1109 1930 1379 1976 Herodiani
1413 1940 1576 1991 patre,
1632 1930 1716 1989 qui
1747 1929 1983 1974 Hadriani
2018 1937 2069 1974 et
2102 1929 2340 1974 Antonini
2373 1930 2444 1975 Pii
2486 1941 2612 1976 tem—

231 2003 435 2065 poribus
448 2000 771 2046 Alexandriae
806 1998 999 2057 docuit,
1033 2014 1198 2059 neque
1236 1998 1368 2043 enim
1403 1996 1679 2061 glossarum
1707 1995 2102 2041 Herodotearum
2140 1996 2379 2041 enarratio
2413 1998 2472 2042 ab
2510 1998 2614 2042 eius

231 2069 512 2117 studiorum
565 2082 750 2131 genere
807 2066 957 2130 plane
1013 2066 1278 2111 abhorrere
1327 2063 1544 2124 videtur,
1599 2079 1749 2125 quem
1804 2062 2102 2120 scimus²²⁹)
2146 2059 2455 2119 Ὀνοματικόν,
2510 2070 2616 2123 περὶ

234 2136 468 2191 ὀνομάτων
502 2135 617 2178 κατὰ
664 2133 900 2177 διάλεκτον
934 2143 1082 2194 atque
1127 2133 1189 2178 de
1223 2130 1441 2178 dialectis
1479 2130 1683 2190 Dorica,
1729 2130 1921 2190 Ionica,
1970 2128 2170 2174 Aeolica
2214 2141 2265 2175 et
2300 2132 2458 2177 Attica
2507 2149 2615 2178 esse

235 2211 657 2261 commentatum,
706 2215 1005 2262 quamquam
1061 2215 1164 2246 non
1207 2214 1336 2263 nego
1392 2197 1471 2243 his
1517 2197 1652 2244 libris
1701 2196 1863 2242 minus
1917 2196 2184 2241 verborum
2236 2198 2616 2262 significationes

235 2286 383 2332 quarn
418 2266 790 2333 grammaticam
831 2266 1095 2313 nominum
1138 2265 1513 2312 formandorum
1557 2263 1799 2310 rationem
1845 2272 2120 2325 spectatam
2166 2279 2284 2309 esse.
2365 2267 2617 2310 Philemo-

235 2352 354 2385 nem
400 2349 602 2398 quoque
637 2334 690 2380 in
734 2327 1069 2380 Miscellaneis
1115 2334 1218 2377 sive
1250 2336 1521 2390 Συμμίκτοις
1569 2331 1829 2374 verborum
1867 2330 2267 2375 Herodoteorum
2315 2333 2619 2392 explanatio-

234 2418 355 2450 nem
390 2402 582 2448 dedisse
617 2401 1026 2464 Porphyrius²⁴⁰)
1061 2400 1212 2443 fidem
1245 2401 1408 2442 facere
1442 2399 1652 2441 videtur.
1735 2397 1872 2456 Quae
1921 2408 2090 2441 autem
2138 2408 2349 2442 aetatem
2392 2399 2620 2444 tulerunt

235 2472 425 2537 glossae
458 2468 774 2512 Herodoteae
807 2466 871 2525 ad,
900 2465 1424 2520 librorum‚Herodoti
1458 2464 1685 2509 ordinem
1720 2462 1991 2522 descriptae
2033 2461 2358 2522 paucissimae
2403 2462 2619 2511 nurnero

235 2553 403 2599 neque
455 2544 648 2580 constat
690 2534 749 2579 ad
797 2549 948 2595 quem
988 2532 1086 2578 sint
1136 2531 1426 2578 referendae
1473 2541 1524 2577 et
1571 2529 1840 2577 doctrinam
1882 2538 1984 2574 tam
2033 2527 2279 2575 modicam
2331 2529 2410 2576 vel
2452 2530 2620 2594 potius

236 2605 427 2648 nullam
459 2601 680 2660 sapiunt,
725 2610 783 2644 ut
826 2600 996 2659 infima
1029 2608 1187 2644 aetate
1222 2598 1401 2661 dignae
1445 2597 1558 2644 sint.
1602 2625 1670 2632 —
1732 2595 1789 2641 In
1839 2595 2146 2655 Thucydidis
2193 2597 2505 2644 enarratione
2541 2615 2622 2645 ve·

235 2682 367 2715 teres
407 2665 754 2733 grammaticos
787 2682 890 2712 non
918 2663 1262 2729 indiligentem
1300 2678 1507 2726 operam
1539 2662 1762 2727 posuisse
1793 2662 1889 2708 iam
1926 2676 2010 2708 sua
2046 2671 2224 2724 sponte
2261 2663 2498 2711 credibile
2531 2676 2621 2724 est,

242 2754 357 2782 curn
383 2746 459 2781 tot
482 2730 884 2795 Thucydidi²⁴¹)
918 2731 1018 2779 sint
1045 2746 1187 2778 voces
1206 2746 1487 2793 vocumque
1520 2731 1711 2778 formae
1745 2738 1793 2774 et
1831 2738 2105 2775 structurae
2138 2729 2220 2775 vel
2254 2732 2508 2792 poeticae,
2544 2735 2620 2778 vel

239 2804 517 2860 obsoletae,
568 2800 650 2847 vel
683 2799 943 2847 intellectu
978 2798 1229 2859 difficiles,
1274 2798 1357 2845 vel
1396 2798 1492 2864 ipsi
1522 2798 1647 2845 adeo
1692 2796 1986 2860 peculiares,
2036 2805 2088 2840 ut
2127 2797 2186 2841 iis
2234 2807 2320 2841 aut
2361 2812 2492 2843 unus
2538 2810 2622 2843 aut

379 3007 475 3060 ²⁸⁴)
504 3007 644 3063 Etym.
670 3007 734 3051 M.
770 3021 812 3063 p.
841 3012 906 3060 87,
930 3013 969 3049 4.
1039 3008 1242 3049 Roman.
1270 3010 1419 3050 Aneed.
1447 3008 1504 3060 11,
1532 3012 1623 3051 428.
1791 3008 1875 3051 ²³⁵)
1907 3002 2036 3043 Susa.
2075 3017 2106 3043 s.
2136 3017 2174 3045 v.
2347 3006 2433 3056 ²³⁶)
2460 3007 2534 3047 Hic
2563 3016 2622 3047 ter

240 3063 291 3102 ab
321 3060 468 3113 Suida,
506 3061 630 3102 semel
662 3064 712 3102 ab
738 3061 791 3102 Et
818 3062 977 3115 mologo
1004 3061 1045 3102 iii
1073 3061 1337 3114 explicatione
1365 3076 1507 3102 vocum
1532 3060 1825 3101 Platonicorum
1854 3058 1894 3098 in
1923 3064 2061 3109 partes
2085 3064 2274 3109 vocatur-3
2313 3059 2364 3100 cf.
2392 3059 2622 3101 Ruhnken.

242 3114 371 3169 praef.
400 3114 441 3156 in
469 3112 627 3156 Timaei
663 3114 745 3157 lex.
806 3113 928 3157 laton.
969 3129 1006 3167 p.
1036 3114 1087 3156 X.
1245 3113 1333 3167 ²³¹)
1361 3113 1490 3157 Phot.
1518 3115 1604 3157 cod.
1631 3116 1719 3156 154.
1750 3114 1838 3152 155.
1876 3113 2047 3164 Βόηθος
2084 3112 2129 3156 ἐν
2163 3119 2249 3163 τοῖς
2283 3115 2373 3165 περὶ
2406 3112 2623 3165 Πλάτωνος

243 3182 312 3231 ap.
336 3167 530 3230 H.‘'⁸·¹l⁶7²·
558 3182 596 3230 y.
633 3168 700 3212 διᾶ
733 3166 909 3231 πάντων·
936 3166 1076 3231 κριτής
1112 3167 1330 3217 excitatum
1377 3168 1559 3210 diversus
1595 3168 1659 3229 hic
1693 3165 1969 3228 est-Boethus
2008 3168 2059 3227 ab
2089 3165 2137 3208 B.
2165 3165 2288 3206 nobili
2316 3166 2468 3217 Stoico,
2498 3169 2548 3208 ab
2576 3168 2621 3208 B.

242 3222 427 3287 S¹q0¹¹i⁰³
465 3228 661 3274 magistro
696 3223 912 3264 Andronici
938 3222 1106 3273 Rhodii,
1150 3233 1177 3263 a
1208 3221 1350 3263 Flavio
1376 3222 1529 3264 Boetho
1561 3220 1847 3274 Peripatetico,
1891 3219 1940 3259 de
1977 3220 2119 3272 qulbus
2160 3219 2320 3260 consule
2361 3219 2544 3273 Menag.
2582 3222 2622 3261 in

238 3273 394 3341 pto&
413 3274 570 3317 Lucre.
597 3274 690 3327 vn,
719 3279 809 3316 143.
951 3277 1041 3327 ²⁸⁸)
1069 3274 1212 3331 Etym.
1240 3274 1303 3317 M.
1330 3289 1369 3320 v.
1403 3277 1600 3329 σοφιστής
1631 3286 1669 3327 p.
1697 3278 1797 3325 722,
1825 3278 1893 3313 21.
1935 3271 2214 3323 Ἀπολλώνιος
2249 3276 2292 3316 ἔν
2326 3271 2506 3327 ἐξηγήσει
2537 3281 2624 3317 ’τῶν

255 3330 472 3383 Ηροδοτου
499 3333 704 3384 γλωσσῶν.
756 3328 827 3370 ld.
855 3342 892 3370 v,
919 3326 1064 3382 κωφός
1089 3342 1130 3380 p.
1156 3331 1258 3381 5⁵2,
1301 3334 1340 3371 6.
1380 3328 1658 3384 Ἀπολλώνιος
1697 3329 1742 3369 ἐν
1776 3332 1862 3377 ταῖς
1903 3327 2113 3381 γλώσσαις.
2291 3327 2377 3379 ²³⁹)
2406 3326 2468 3367 Cf.
2496 3325 2624 3368 Sm‘d.

244 3395 278 3423 a.
305 3394 388 3476 ΕΩ
460 3384 613 3477 ²63⁰)-
634 3380 852 3439 Porphyr.
880 3382 1044 3433 Quaest.
1070 3381 1272 3423 Homeric.
1298 3382 1401 3426 v111.
1508 3417 1510 3419 ,
1553 3380 1639 3432 ²⁴¹)
1677 3379 1739 3423 Cf.
1771 3379 1929 3433 Pappa
1973 3378 2198 3432 Prolegom.
2236 3378 2275 3418 in
2304 3378 2487 3433 Thucyd.
2519 3379 2557 3431 1,
2588 3388 2623 3424 l.

2007 3493 2169 3521 *aaa*
