3293 3960
1268 259 1372 270 --
1477 231 1479 237 ’
1509 241 1604 276 xm
1742 255 1853 268 ---

362 384 459 433 que
494 366 703 414 fortasse
734 365 803 414 sic
839 366 1070 425 tenebat,
1099 376 1156 411 ut
1189 376 1290 413 non
1324 366 1377 412 in
1410 366 1571 429 prima
1607 375 1828 426 tantum,
1864 366 1952 412 sed
1985 367 2037 412 in
2073 370 2286 416 secunda
2323 371 2473 418 etiam
2512 377 2754 441 tertiaque

352 447 412 486 ²et
454 444 627 498 quarta
674 434 836 481 littera
887 448 996 481 eam
1040 432 1239 479 seriem
1268 433 1578 492 observaret3
1615 442 1747 479 certe
1791 434 1849 500 id.
1888 434 2174 481 Athenaeus
2218 437 2269 483 in
2318 438 2402 500 iis,
2450 456 2577 503 quae
2613 444 2753 493 Pam-

357 503 510 569 philo·
536 502 710 562 debet,
743 503 1042 565 plerumque
1077 501 1218 561 facit,
1239 502 1323 562 ¹⁷⁵)
1368 501 1604 562 idemque
1640 500 2038 566 Diogenianum,
2076 504 2185 564 qui,
2218 516 2273 551 ut
2307 523 2425 553 mox
2460 510 2753 576 referemus,

359 570 607 632 Pamphili
643 570 897 632 epitomen
931 569 1149 631 scripsit,
1184 569 1357 614 fecisse
1393 569 1574 616 diserte
1612 570 2224 631 testaturHesychius.¹³⁶)
2245 574 2315 619 Eo
2351 576 2404 621 in
2439 576 2601 624 lexico
2639 597 2752 628 con-

356 638 524 685 dendo
560 636 847 700 Pamphilus
891 636 1207 698 superiorum
1240 635 1709 701 glossographorum
1743 636 1879 681 libris
1913 637 2173 696 utebatur,
2217 641 2370 687 veluti
2407 644 2749 706 Aristophanis

355 705 583 766 Byzantii
619 715 668 751 et
689 704 862 749 Atticis
899 713 950 749 et
968 703 1248 762 LaconiciS,
1286 703 1495 750 Diodori
1526 702 1731 761 Italicis,
1766 703 1971 766 Apionis
1991 704 2267 751 Homericis
2302 709 2491 772 glossiS,
2525 712 2750 776 aliisque,

359 787 574 833 quorum
612 771 855 818 librorum
906 770 1089 817 bonam
1135 779 1327 832 partem
1362 771 1650 817 Athenaeus
1693 784 1792 816 non
1826 771 1933 834 ipse
1969 785 2232 833 usurpasse
2266 777 2519 838 manibus,
2565 781 2651 827 sed
2691 800 2751 830 ex

359 838 620 900 Pamphilo
658 838 861 884 demum
896 851 1137 902 cognosse
1171 837 1480 897 videtur¹¹⁷).
1512 838 1690 897 Neque
1724 838 1889 883 minus
1922 837 2133 902 diligens
2171 851 2273 885 erat
2307 842 2359 888 in
2393 855 2747 910 poetarum¹⁷⁵)

356 906 754 968 scriptorumque
789 904 1083 952 testimoniis
1119 913 1169 950 et
1204 905 1462 951 afferendis
1500 914 1549 950 et
1583 904 1903 966 explicandis,
1929 917 1999 950 ea
2036 920 2154 950 vero
2190 906 2242 951 in
2276 923 2327 953 re
2360 910 2426 955 ita
2446 914 2750 981 versabatur,

356 983 415 1020 ut
436 974 585 1019 etiam
609 973 672 1019 de
692 973 975 1035 scripturae·
991 971 1321 1034 discrepantia
1353 972 1597 1018 iudicium
1634 972 1801 1030 ferret,
1825 972 1873 1017 id
1908 972 2039 1034 quod
2068 974 2337 1037 praecipue
2357 977 2409 1023 in
2431 980 2639 1028 Homeri
2664 1001 2748 1031 vo·

358 1040 752 1093 cibusfaciebat.
829 1040 1107 1084 Verborum
1141 1049 1308 1083 autem
1343 1055 1445 1085 non
1479 1039 1596 1083 satis
1632 1039 1842 1083 habebat
1875 1040 2256 1104 significationes
2294 1059 2553 1106 exponere,
2589 1050 2747 1098 immo

358 1108 508 1152 etiam
523 1106 736 1170 origines
770 1106 1047 1168 aperiebat,
1094 1115 1145 1150 et
1181 1122 1278 1167 quo
1313 1116 1521 1152 accentu
1556 1104 1771 1151 notanda
1797 1118 1959 1152 essent
1991 1106 2210 1152 docebat.
2232 1108 2314 1166 ¹⁷⁹)
2382 1112 2495 1158 Erat
2529 1115 2746 1178 denique

302 1202 318 1213 .
356 1189 484 1235 opus
514 1172 748 1217 diffusum
783 1172 1000 1218 maxime
1035 1181 1086 1216 et
1122 1172 1334 1232 varium,
1379 1174 1581 1234 quippe⁴
1602 1172 1737 1231 quod
1770 1181 1876 1217 tum
1911 1174 2091 1219 multas
2128 1174 2317 1235 topicas
2360 1178 2541 1241 glossas
2570 1186 2746 1232 &eluti

361 1240 678 1303 Cypriorum,
715 1238 986 1299 Laconum,
1015 1239 1421 1299 Tarentinorum,
1457 1240 1591 1298 alias,
1626 1248 1735 1284 tum
1772 1238 2032 1303 plerasque
2065 1250 2345 1303 poetarum,
2381 1245 2532 1294 veluti
2562 1249 2750 1299 Home-

357 1308 511 1362 ricae,
544 1307 767 1371 tragicas,
802 1307 1012 1352 comicas
1047 1307 1512 1367 comprehenderet;
1549 1306 1743 1368 parcior
1789 1307 1939 1353 fuerit
1972 1308 2025 1353 in
2065 1308 2242 1372 glossis
2287 1326 2462 1371 prosae
2508 1318 2739 1365 orationis

356 1373 663 1437 recipiendis.
735 1374 978 1438 Magnum
1012 1372 1064 1418 id
1096 1373 1388 1434 Zopyrionis
1425 1372 1773 1435 Pamphilique
1818 1373 2078 1419 coniuncta
2113 1390 2265 1437 opera
2313 1378 2564 1427 conditum
2610 1385 2739 1448 glos,

358 1441 567 1500 sarium,
612 1449 669 1486 ut
707 1441 806 1485 iam
854 1440 1264 1503 significavimus,
1336 1442 1389 1485 in
1437 1440 1791 1502 compendium
1838 1440 2027 1505 redegit
2079 1453 2189 1487 tum
2236 1443 2576 1507 Diogenianus
2627 1462 2736 1498 tum

359 1508 605 1554 Vestinus.
672 1508 836 1567 Atque
872 1505 1174 1570 Diogeniani
1209 1507 1410 1568 quidem
1447 1508 1696 1570 epitome,
1735 1523 1884 1567 quam
1916 1507 2083 1553 Suidas
2112 1518 2288 1554 auctor
2324 1520 2395 1556 est
2430 1513 2562 1560 libris
2599 1520 2739 1579 quin-

360 1591 458 1636 que
526 1573 806 1619 constitisse
864 1585 914 1619 et
968 1574 1184 1619 indicem
1227 1574 1456 1619 habuisse
1500 1574 1671 1628 »Λέξις
1713 1573 1984 1631 παντοδαπὴ
2044 1577 2160 1619 κατὰ
2203 1583 2467 1632 στοιχεῖον,“
2514 1599 2620 1629 eam
2674 1588 2738 1631 fd-

358 1658 473 1688 mae
511 1640 851 1687 celebritatem
890 1650 1155 1687 consecuta
1192 1650 1289 1700 est,
1336 1652 1391 1688 ut
1433 1642 1588 1704 ipsius
1625 1640 1873 1703 Pamphili
1907 1657 2029 1703 opus
2064 1643 2117 1690 in
2153 1644 2401 1705 quandam
2438 1648 2736 1700 oblivionem

358 1708 650 1768 adduceret3
684 1724 799 1755 nam
826 1708 1071 1771 Pamphili
1109 1708 1349 1755 memoria
1384 1709 1489 1757 fere
1522 1708 1656 1773 apud
1688 1709 1819 1756 solos
1855 1709 2176 1758 Athenaeum·
2204 1721 2255 1758 et
2287 1713 2627 1765 Herodianum
2664 1736 2738 1768 re-

357 1777 548 1840 peritur
580 1787 629 1822 et
663 1781 734 1822 ne'
776 1777 907 1839 apud
943 1776 1178 1822 Photium
1214 1777 1415 1837 quidem
1464 1792 1523 1823 eo
1559 1779 1671 1823 loco
1708 1787 1864 1836 extat,
1918 1793 2013 1838 quo
2050 1779 2131 1824 hic
2167 1779 2279 1824 data
2315 1796 2463 1843 opera
2510 1785 2570 1830 de
2616 1788 2736 1834 lexi-

357 1845 424 1890 cis
462 1842 664 1889 Graec-is
712 1843 929 1904 disserit,
986 1843 1283 1907 Diogeniani
1323 1853 1494 1889 autem
1543 1853 1593 1889 et
1638 1858 1827 1888 nomen
1873 1845 2156 1906 saepissime
2196 1846 2407 1893 iactatur
2453 1862 2501 1896 et
2540 1852 2736 1901 lexicon

359 1911 544 1957 fundus
578 1912 717 1972 quasi
751 1912 907 1956 factus
945 1923 1017 1956 est
1050 1901 1352 1971 Hesychiani
1385 1912 1554 1970 lexici,
1588 1911 1639 1957 id
1675 1911 1808 1971 quod
1844 1922 1950 1956 tum
1988 1913 2266 1974 Hesychius
2302 1915 2408 1977 ipse
2444 1917 2495 1962 in
2532 1921 2740 1984 epistola

358 1979 417 2023 ad
461 1978 728 2042 Eulogium
777 1978 1063 2039 profitetur,
1093 2008 1098 2015 -
1128 1987 1236 2022 tum
1282 1988 1398 2038 „post
1441 1978 1801 2023 Ruhnkenium
1866 1979 2095 2024 Rankeus
2145 1980 2214 2025 sic
2264 1984 2622 2045 comprobavit,
2683 2001 2739 2034 ut

356 2060 559 2102 eorum,
595 2060 728 2104 quae*
758 2060 816 2088 ex
851 2043 1160 2107 Dioge-niano
1196 2054 1731 2105 commemorarentur,
1764 2044 1931 2105 paucis
1968 2046 2183 2107 exceptis
2219 2047 2455 2109 pleraque
2488 2054 2655 2099 omnia
2689 2056 2743 2101 in

358 2110 609 2171 Hesychio
655 2119 822 2155 extare
868 2110 1081 2155 doceret.
1170 2110 1239 2155 Ea
1296 2119 1464 2155 autem
1513 2111 1736 2170 quaestio
1803 2112 2020 2156 exercuit
2070 2127 2232 2174 nuper
2278 2116 2493 2161 eruditos
2547 2119 2740 2182 aliquot

356 2179 484 2223 viros
520 2186 669 2238 atque
704 2176 866 2224 adhuc
904 2177 993 2222 sub
1027 2176 1190 2223 iudice
1225 2177 1283 2222 lis
1319 2186 1416 2235 est,
1463 2178 1687 2238 quinque
1722 2177 1796 2223 illi
1829 2178 1962 2237 libri,
2010 2194 2220 2239 quorum
2271 2184 2562 2230 memoriam
2609 2202 2740 2234 unus

355 2244 526 2290 Suidas
561 2245 786 2303 servavit,
832 2244 1083 2290 fuerintne
1127 2258 1228 2288 non
1264 2243 1440 2289 diversi
1474 2244 1534 2289 ab
1572 2244 1873 2308 Diogeniani
1919 2260 1975 2289 eo
2018 2261 2191 2306 opere,
2240 2248 2319 2292 cui
2353 2249 2630 2310 Hesychius
2667 2255 2744 2299 in-

360 2312 601 2373 scriptum
647 2324 754 2356 esse
798 2310 916 2356 dicit
959 2313 1455 2372 ,,Περιεργοπένητας,“
1489 2325 1554 2355 an
1590 2310 1930 2374 Diogenianus
1965 2322 2158 2373 praeter
2203 2314 2448 2375 Pamphili
2485 2318 2744 2379 epitomen

355 2377 491 2424 aliud
524 2377 719 2424 lexicon
764 2377 1037 2424 condiderit
1096 2392 1185 2422 suo
1233 2377 1438 2422 consilio
1486 2376 1798 2438 adornatum,
1845 2377 1904 2422 ad
1940 2378 2067 2439 quod
2119 2388 2168 2423 et
2201 2380 2283 2425 hic
2316 2387 2745 2444 Περιερνοπενὴτων

350 2446 527 2491 titulus
572 2454 620 2490 et
670 2444 940 2507 pleraeque
987 2461 1153 2491 earum
1193 2445 1459 2489 verborum
1507 2444 1893 2507 explicationurn
1939 2446 2227 2492 referendae
2276 2450 2399 2508 sint,
2459 2468 2587 2512 quae
2622 2455 2746 2502 Dio-

355 2513 555 2577 geniani
601 2511 693 2557 sub
727 2513 933 2559 nomine
979 2529 1005 2558 a
1048 2512 1378 2577 grammaticis
1427 2513 1999 2570 commemorentur¹⁸⁰).
2043 2541 2092 2546 ο-
2182 2515 2343 2575 Quam
2382 2529 2550 2565 autem
2588 2522 2745 2569 Iulius

500 2710 584 2760 ¹¹¹⁵)
614 2709 675 2752 Cs.
704 2707 921 2750 Rankeus
952 2711 999 2749 de
1031 2710 1207 2763 Hesych.
1237 2723 1274 2762 p.
1303 2712 1366 2748 85.
1394 2713 1457 2748 92.
1686 2711 1771 2761 ¹⁷⁶)
1801 2707 1869 2749 Id.
1899 2709 1925 2749 l.
1952 2724 1984 2749 c.
2013 2725 2049 2762 p.
2080 2716 2141 2751 70.
2368 2716 2453 2765 ¹⁷⁷)
2484 2716 2545 2758 De
2577 2718 2746 2764 Diodori

360 2762 512 2814 glossis
538 2775 563 2802 a
582 2761 798 2815 Pamphilo
834 2762 872 2801 in
901 2776 994 2802 suos
1039 2776 1136 2803 usus
1167 2762 1372 2803 conversis
1402 2761 1455 2801 cf.
1483 2760 1652 2801 Athen.
1679 2767 1781 2813 479,
1811 2775 1854 2813 a,
1884 2765 1930 2802 de
1965 2766 2128 2815 Apionis
2155 2763 2222 2804 Id.
2238 2770 2330 2805 642..
2479 2771 2744 2822 ¹⁷⁸)Athen,

358 2811 458 2867 479,
483 2828 519 2856 a.
574 2820 679 2865 487,
708 2829 742 2857 c.
799 2819 898 2866 326,
923 2829 960 2856 e.
990 2815 1042 2856 al.
1187 2815 1271 2867 179)
1301 2814 1361 2855 Cf.
1402 2826 1501 2867 qnae
1530 2813 1746 2856 Rankeus
1786 2818 2003 2868 composuit
2035 2831 2071 2871 p.
2104 2824 2189 2857 121.
2221 2832 2308 2871 sqq.
2456 2825 2541 2875 ¹⁸⁰)
2568 2824 2746 2867 Priorem

358 2870 595 2912 sententiam
625 2876 712 2923 post
748 2867 849 2908 alios
886 2876 1014 2909 tuetur
1042 2866 1280 2920 Rankeus,
1322 2867 1426 2908 hune
1465 2866 1678 2921 diligenter
1715 2868 1887 2909 defendit
1928 2868 2069 2910 Wech
2082 2885 2182 2911 erus
2219 2885 2255 2924 p.
2284 2877 2376 2914 293.
2405 2888 2516 2929 sqq.‚
2559 2878 2599 2918 in
2635 2880 2744 2920 cuius

358 2923 592 2964 sententiam
612 2922 800 2964 discessit
812 2921 1135 2978 Bernhardyus
1158 2923 1198 2962 in
1223 2921 1349 2961 said.
1376 2924 1721 2978 ν.Διογενειανός.
1762 2922 1845 2961 Res
1871 2922 1929 2961 sic
1952 2931 2011 2962 est
2027 2933 2270 2976 comparata,
2300 2935 2341 2966 ut
2370 2930 2626 2983 nonesficiaS,
2655 2935 2743 2985 quid

357 2990 497 3017 verum
512 2977 565 3017 sit
585 2976 674 3030 quid
701 2990 781 3016 non
795 2988 945 3025 verum,
974 2976 1046 3016 sed
1071 2976 1110 3016 id
1137 2989 1268 3025 unum,
1298 2975 1387 3027 quid
1417 2977 1549 3029 magis
1577 2983 1615 3017 et
1643 2978 1731 3029 quid
1761 2976 1887 3016 minus
1914 2974 2116 3028 probabile
2145 2978 2208 3018 sit.
2249 2979 2332 3020 lam
2364 2996 2460 3023 vero
2498 2999 2560 3026 me
2591 2988 2743 3038 quidem

358 3031 489 3072 iudice
531 3029 765 3071 credibilius
801 3036 863 3070 est
904 3031 954 3069 ab
993 3027 1119 3069 Suida
1156 3028 1335 3069 eiusdem
1371 3029 1531 3082 operis,
1581 3030 1616 3071 si
1663 3028 1810 3083 duplex
1850 3028 1964 3070 fuerit
2006 3029 2241 3083 inscriptio,
2295 3034 2448 3076 titulum
2484 3052 2600 3079 uuum
2636 3054 2743 3080 com-

353 3085 593 3135 memorari,
621 3083 789 3125 alterum
819 3083 968 3134 omitti,
1006 3089 1124 3135 quam
1152 3095 1316 3136 operum
1346 3083 1512 3132 duorum
1550 3095 1597 3123 eo
1630 3082 1733 3134 loco,
1768 3082 1833 3122 uhi
1874 3081 1998 3123 libros
2028 3083 2271 3138 Diogeniani
2311 3089 2406 3129 data
2443 3105 2566 3144 opera
2601 3107 2741 3132 recen-

356 3146 470 3189 seat,
505 3136 601 3178 illud
629 3135 815 3191 neglegi,
842 3137 944 3190 quod
970 3136 1242 3189 Diogenianus
1267 3147 1338 3176 suo
1366 3135 1500 3177 Marte
1528 3137 1770 3185 condiderit,
1812 3136 1887 3175 hoc
1912 3141 2009 3176 'vero
2040 3150 2121 3177 non
2150 3140 2333 3195 neglegi,
2371 3142 2410 3182 iu
2438 3158 2511 3198 quo
2550 3146 2740 3199 epitoma-

356 3198 484 3231 torem
516 3198 667 3231 tantum
702 3203 745 3231 se
774 3189 1014 3245 praebuerit.
1073 3189 1188 3240 Quod
1225 3195 1357 3229 autem
1393 3188 1621 3244 Hesychius
1655 3191 1694 3230 iu
1722 3189 2111 3245 Περιεργοπενήτων
2152 3192 2285 3234 lexico
2314 3209 2402 3236 non
2429 3200 2564 3238 solum
2590 3195 2738 3240 Home—

356 3246 491 3298 rieas,
531 3244 734 3298 tragicas,
764 3243 942 3286 comicas
970 3249 1009 3283 et
1035 3241 1184 3297 lyricas
1214 3241 1295 3283 sed
1324 3244 1462 3283 etiam
1489 3242 1769 3293 rhetoricas,
1812 3241 2012 3285 medicas
2051 3253 2095 3286 et
2133 3244 2380 3289 historicas
2428 3250 2591 3292 infuisse
2629 3253 2740 3293 deni-

354 3311 432 3350 que
458 3296 594 3339 nullas
622 3297 780 3339 omnino
807 3307 935 3351 neque
963 3304 1140 3339 veterum
1161 3308 1299 3349 neque·
1326 3295 1554 3349 aequalium
1583 3296 1742 3350 glossas
1771 3295 1812 3336 in
1839 3309 1887 3336 eo
1913 3297 2122 3351 neglectas
2163 3313 2255 3342 esse
2293 3311 2449 3354 narrat,
2484 3317 2561 3344 non
2600 3314 2741 3357 putan-

356 3350 540 3393 dum'est
564 3364 790 3406 repugnare
818 3350 949 3393 Plautii
977 3349 1223 3401 testimonio,
1249 3349 1313 3403 qui
1342 3355 1425 3393 tum
1461 3352 1550 3392 eod.
1581 3354 1666 3392 145.
1706 3347 1782 3403 τὴν
1813 3355 2069 3413 Διργενιανῶ
2104 3355 2402 3410 ἐκπονηθεὶσαν
2435 3363 2634 3415 συλλογήν
2679 3379 2700 3404 τ
2724 3363 2745 3405 ὀ

357 3422 388 3447 π
403 3411 425 3449 λ
444 3422 463 3454 ε
481 3411 499 3450 i
514 3420 537 3450 σ
557 3423 579 3449 τ
595 3422 617 3450 ο
637 3424 662 3450 ν
690 3412 782 3452 τοῦ
809 3410 1096 3462 ποιητικοῦ
1103 3428 1108 3431 ·
1127 3404 1245 3457 εἶναι,
1275 3410 1357 3445 tum
1383 3406 1470 3446 cod.
1482 3409 1571 3446 149.
1583 3403 1781 3446 Pollionis·
1801 3405 1935 3446 lexico
1964 3398 2110 3448 inustas
2139 3410 2292 3460 quidem
2312 3411 2442 3451 inesse
2456 3419 2620 3454 testatur
2652 3429 2747 3467 poe-

2186 3471 2209 3495 ᾗ(
2226 3471 2248 3496 3ss
2265 3470 2287 3495 at
