3293 3960
1415 289 1524 300 --
1658 279 1789 310 xvln
1922 289 2034 300 ¹⁸——

486 401 543 449 in
578 417 660 463 ea,
697 418 848 465 quam
893 400 1056 447 lexico
1099 413 1192 443 suo
1229 397 1368 446 dedit
1411 399 1804 462 inscriptionem,
1840 396 2051 457 Ἧσυχίου
2103 401 2422 460 γραμματικοῦ
2466 406 2703 463 συναγωγὴ
2737 402 2903 450 Μῦν

488 473 652 522 λέξεων
688 474 803 517 κατὰ
838 473 1063 526 στοιχεῖον
1093 466 1143 511 ἐκ
1176 464 1271 511 τῶν
1298 465 1592 529 Ἀριστάρχου
1626 471 1703 513 καὶ
1729 466 1963 521 ’Λπίωνος
1998 472 2074 515 καὶ
2108 463 2402 529 Rhodosque,
2421 472 2684 534 Apollonii-
2715 463 2905 521 nomen

491 539 718 598 omisit),
769 536 1051 599 Hesychius
1094 534 1251 599 igitur
1289 535 1344 583 in
1385 536 1560 603 glossis
1598 536 1881 585 Homericis
1930 536 2229 602 explicandis
2271 551 2377 586 non
2426 538 2749 589 mediocriter
2775 555 2906 590 <cum

489 605 759 669 Apollonio
830 604 1051 666 sophista
1116 603 1397 664 conspirat,
1469 603 1565 650 nisi
1629 603 1765 664 quod
1829 620 1967 652 nunc
2030 606 2085 653 in
2136 603 2334 652 brevius
2402 607 2673 668 contraxit,
2778 623 2906 671 quae

490 672 788 735 Apollonius
833 671 986 718 habet
1033 669 1235 715 dilatata
1274 672 1530 730 oratione,
1575 685 1712 717 nunc
1752 672 1969 733 amplior
2007 682 2108 728 est,
2148 670 2236 719 ubi
2267 670 2323 717 in
2359 670 2534 718 eadem
2571 688 2742 721 caussa
2770 667 2907 723 elios

494 755 696 802 quoque
733 740 901 799 duceS,
938 736 1096 784 veluti
1129 736 1397 799 Apionem,
1429 747 1626 786 secutus
1671 752 1780 784 esse
1816 737 2029 786 videtur.
2101 739 2269 787 Unum
2315 746 2485 785 tamen
2523 734 2625 800 est,
2662 741 2797 804 quod
2831 758 2910 789 re·

494 807 652 860 tineat
685 821 975 864 assensum3
1021 818 1133 851 cum
1173 803 1340 866 enim,
1388 816 1444 853 ut
1477 806 1573 851 iam
1611 806 2032 868 commemoravi,
2083 807 2137 854 in
2169 804 2423 870 Acpbllonii
2455 806 2711 870 sophistae
2744 810 2907 856 lexico

494 874 644 921 unius
692 874 902 938 Apionis
938 870 1181 918 memoria
1216 871 1540 934 ,frequentior
1585 882 1721 918 extet
1753 888 1902 934 quam
1941 874 2251 936 reliquorum
2300 873 2528 919 omnium
2562 877 2909 939 grammatico·

493 956 636 1001 rum,
666 942 710 988 si
729 940 1029 1004 Apollonius
1065 938 1105 984 is
1145 953 1250 983 non
1286 939 1511 986 diversus
1549 951 1622 985 est
1646 940 1706 985 ab
1730 940 1935 1001 Apionis
1957 942 2226 1006 magistro,
2274 956 2479 986 necesse
2506 950 2582 986 est
2614 942 2907 989 Homericas

494 1008 684 1073 glossas
715 1008 985 1070 discipulus
1022 1005 1273 1067 scripserit
1306 1007 1721 1065 adolescentulus,
1757 1007 1992 1070 magister
2028 1008 2308 1069 provectior
2341 1017 2505 1054 aetate
2529 1007 2582 1053 in
2616 1002 2764 1054 suum
2780 1024 2908 1071 opus

494 1076 823 1134 transtulerit,
858 1073 908 1119 id
943 1072 1077 1133 quod
1116 1088 1209 1117 nec
1244 1089 1336 1133 per
1372 1090 1425 1119 se
1462 1074 1713 1136 probabile
1748 1089 1915 1133 neque
1939 1083 2110 1121 tamen
2144 1076 2245 1121 tale
2281 1085 2366 1133 est,
2402 1072 2535 1135 quod
2568 1073 2676 1119 fieri
2702 1076 2909 1122 omnino

494 1159 601 1188 non
636 1141 871 1204 potuerit.
915 1169 967 1175 —
1062 1138 1258 1184 Incerta
1303 1149 1548 1186 aetasest
1582 1149 1631 1186 et
1668 1139 1919 1198 Clearchi,
1967 1141 2108 1186 cuius
2143 1142 2339 1204 glossae
2387 1141 2440 1188 in
2487 1139 2688 1203 schqliis
2722 1141 2911 1189 Home-

497 1208 611 1254 ricis
645 1208 804 1255 semel
840 1209 1419 1266 commemorantur²⁰¹)
1467 1216 1515 1253 et
1547 1206 1807 1253 Philoxeni
1841 1206 2190 1268 Alexandrini,
2245 1207 2386 1253 cuius
2418 1207 2515 1253 iam
2554 1206 2733 1268 bis²⁰²)
2768 1224 2910 1255 men-

498 1275 692 1322 tionem
727 1275 1019 1331 iniecimus3
1068 1272 1149 1318 hic
1185 1271 1248 1318 de
1294 1274 1470 1338 glossis
1505 1273 1713 1320 Homeri
1761 1275 1890 1333 (περὶ
1932 1272 2025 1318 τῶν
2062 1273 2170 1335 παρ’
2198 1270 2378 1335 ’Ὁμήρῳ
2411 1272 2647 1335 γλωσσῶν)
2700 1275 2911 1339 scripsit,

501 1359 619 1390 eum
671 1352 841 1390 autem
886 1341 1070 1387 librum
1112 1339 1165 1385 in
1208 1340 1465 1404 epitomen
1499 1341 1689 1406 redegit
1721 1341 1891 1387 Aelius
1926 1341 2346 1406 Serenus²⁰⁸).—
2383 1344 2493 1389 Hoc
2526 1343 2638 1389 loco
2674 1342 2913 1389 dicendus

503 1413 655 1456 etiam
691 1419 816 1456 esset
850 1408 1189 1466 Herodianus,
1240 1409 1495 1470 Apollonii
1529 1409 1734 1470 Dyscoli
1767 1409 1924 1468 filius,
1980 1410 2134 1455 modo
2171 1420 2440 1469 constaret,
2466 1410 2534 1456 .id
2569 1410 2702 1471 quod
2737 1410 2792 1456 in
2822 1411 2912 1456 du-

500 1479 796 1523 bitationem
842 1491 1006 1538 nuper
1049 1473 1243 1519 vocavit
1274 1475 1646 1536 Lehrsius²⁰⁴),
1683 1475 2054 1537 epimerismOS,
2112 1476 2199 1537 qui
2244 1477 2366 1523 olim
2414 1477 2519 1523 eius
2566 1476 2657 1522 sub
2701 1477 2910 1523 nomine

501 1547 590 1590 lati
627 1556 792 1590 essent
828 1546 1066 1603 (namque
1101 1542 1162 1586 de
1197 1542 1283 1601 iis,
1320 1544 1408 1603 qui
1443 1560 1576 1589 nunc
1609 1560 1799 1589 nomen
1831 1544 2171 1603 mentiuntur,
2214 1560 2318 1590 non
2349 1545 2548 1608 agitur),
2580 1544 2909 1607 interpolatos

502 1623 698 1657 tanturn
750 1611 965 1655 aliorum
1010 1608 1360 1655 additamentis
1411 1627 1575 1671 neque
1612 1619 1784 1656 tamen
1829 1611 2117 1671 suppositos
2165 1625 2274 1657 esse
2309 1626 2509 1669 omnes3
2552 1611 2606 1658 in
2651 1610 2728 1658 his
2776 1611 2912 1657 enim

505 1679 702 1741 singula
750 1676 1141 1744 Homericorum
1192 1676 1472 1722 carminum
1515 1676 1755 1722 vocabula
1807 1691 1910 1722 non
1958 1686 2156 1723 tantum
2202 1676 2264 1723 ad
2318 1692 2429 1723 suas
2470 1688 2632 1741 partes
2676 1678 2911 1723 orationis

503 1744 891 1800 revocabantur,
935 1742 1023 1787 sed
1068 1742 1220 1788 etiam
1278 1757 1408 1803 quae
1459 1757 1632 1788 eorum
1695 1752 1746 1787 et
1792 1743 2147 1807 originationes
2205 1753 2256 1788 et
2297 1745 2680 1809 significationes
2732 1755 2914 1801 essent,

505 1812 789 1856 docebatur.
837 1837 906 1844 —
976 1809 1169 1854 Cassius
1204 1809 1495 1872 Longinus,
1547 1826 1698 1870 quem
1733 1810 2030 1856 Aurelianus
2076 1811 2350 1873 imperator
2398 1821 2620 1857 extremo
2665 1810 2911 1874 supplicio

504 1879 696 1937 affecit,
745 1893 860 1922 cum
906 1876 1000 1919 alia
1047 1874 1243 1935 scripsit
1277 1892 1407 1936 quae
1443 1876 1503 1920 ad
1536 1877 1815 1920 Homerum
1836 1876 2184 1937 pertinerent,
2234 1885 2345 1921 tum
2383 1885 2617 1937 quattuor
2649 1876 2913 1934 libros²⁰⁵)

505 1944 568 1989 de
604 1944 852 1988 vocabulis
888 1942 1168 1986 Homericis
1217 1958 1348 2000 quae
1390 1943 1677 2003 multiplicis
1725 1956 1890 1987 essent
1939 1943 2241 2006 significatus
2296 1945 2421 2001 (περὶ
2464 1942 2556 1988 τῶν
2598 1940 2705 2000 παρ’
2741 1937 2912 2002 Ὁμήρῳ

505 2012 656 2056 πολλὰ
694 2007 1014 2068 σημαινουσῶν
1060 2008 1259 2067 λέξεων).
1299 2039 1366 2048 -
1448 2009 1607 2056 Huius
1661 2008 1931 2071 discipulus
1975 2009 2283 2073 Porphyrius
2329 2009 2525 2057 utalia
2557 2009 2741 2070 multa,
2784 2026 2914 2073 quae

506 2078 569 2126 ad
602 2079 813 2126 Homeri
847 2076 1234 2140 explicationem
1276 2076 1590 2139 spectabant,
1633 2076 1703 2124 ita
1740 2076 1891 2124 etiam
1928 2076 1989 2124 de
2023 2077 2314 2125 nominibus
2360 2077 2421 2124 ab
2454 2078 2678 2125 Homero
2722 2078 2913 2125 amissis

509 2148 637 2208 (περὶ
678 2146 769 2192 τῶν
812 2146 1244 2205 παραλελειμμένων
1286 2142 1353 2204 τῷ
1400 2143 1565 2208 ποιητῇ
1612 2143 1865 2205 ὀνομάτων)
1912 2145 2310 2208 scripsit²⁰‘).—
2333 2145 2562 2191 Cratinus
2595 2146 2648 2191 in
2696 2145 2916 2208 epitome

505 2215 749 2265 librorum
788 2214 1030 2262 B‘asilidae
1073 2214 1134 2260 de
1183 2213 1404 2260 dictione
1439 2214 1699 2260 Homerica
1740 2214 2299 2274 commemoratur²⁰⁷);
2352 2213 2437 2258 sed
2478 2229 2644 2275 neque
2677 2213 2912 2261 Basilides

505 2296 675 2346 neque
710 2283 937 2329 Cratinus
981 2281 1181 2327 aliunde
1217 2280 1345 2326 mihi
1390 2281 1522 2340 noti,
1568 2281 1817 2327 Basiliden
1867 2281 1999 2325 enirn
2036 2281 2259 2326 Stoicum
2306 2290 2363 2325 ut
2398 2281 2750 2345 cognominem
2797 2281 2914 2344 Epi-

508 2367 719 2396 cureum
768 2359 1084 2410 temporum,
1147 2348 1397 2393 Basiliden
1445 2349 1746 2411 Aegyptium
1796 2348 2108 2411 gnosticum,
2182 2348 2268 2409 qui
2298 2348 2411 2393 sub
2467 2346 2717 2394 Hadriano
2780 2349 2915 2406 vixit,

508 2418 792 2463 studiorum
839 2416 965 2462 ratio
1012 2413 1252 2471 excludit;
1300 2413 1513 2477 cogitavi
1562 2414 1622 2461 de
1657 2414 1869 2460 Basilida
1912 2414 2117 2461 Milesio
2165 2414 2408 2476 sophista,
2463 2414 2567 2473 cui,
2618 2422 2675 2460 ut
2709 2414 2916 2462 Photius

509 2484 702 2542 scribit,
750 2482 1065 2544 Phrynichus
1108 2497 1267 2526 unum
1313 2480 1556 2527 librorum
1604 2498 1811 2528 suorum
1852 2480 2124 2542 dedicavit,
2171 2490 2261 2528 aut
2308 2481 2368 2526 de
2417 2483 2467 2526 B.
2515 2491 2655 2542 patre
2699 2481 2919 2527 Sallustii

506 2549 796 2613 philosophi
809 2569 826 2606 ‚-
888 2548 977 2594 sed
1031 2548 1178 2593 nimis
1252 2547 1475 2593 incertae
1532 2548 1817 2595 huiusmodi
1867 2533 2195 2595 coniecturae.
2287 2548 2361 2593 Ab
2411 2548 2711 2612 Etymologo
2764 2548 2916 2594 etiam

508 2618 709 2664 lexicon
740 2616 909 2662 Iliadis
948 2625 999 2661 et
1030 2614 1177 2677 primi
1222 2614 1337 2660 libri
1375 2614 1536 2661 Iliadis
1582 2617 2134 2676 commemoratur²⁰⁸).
2216 2615 2381 2676 Atque
2423 2614 2544 2660 haec
2592 2613 2654 2660 de
2689 2615 2920 2662 Homeri·

510 2701 678 2731 carum
714 2685 992 2750 glossarum
1027 2682 1372 2744 explicatione.

645 2752 791 2814 Quod
840 2751 902 2798 ad
945 2750 1168 2811 reliquos
1200 2759 1403 2812 poetas,
1446 2751 1742 2798 Antimachi
1783 2752 1923 2802 λέξεις
1958 2749 2333 2815 Longinus²⁰’)
2386 2750 2676 2813 explicavit3
2735 2751 2918 2812 lyrico-

510 2836 624 2867 rum
660 2819 1000 2866 elocutionem
1048 2816 1184 2863 haud
1224 2816 1326 2861 scio
1373 2830 1437 2862 an
1470 2817 1674 2880 Trypho
1720 2819 1870 2864 toties
1913 2819 2013 2864 iam
2050 2817 2193 2863 nobis
2247 2816 2409 2864 dictus
2453 2833 2513 2863 eo
2560 2819 2918 2864 commentario

650 3030 737 3079 ²⁰¹)
765 3027 910 3068 Schol.
941 3028 987 3068 ll.
1024 3032 1087 3077 Ψ,
1117 3032 1165 3065 81
1199 3040 1239 3079 p.
1267 3032 1370 3077 606,
1401 3027 1448 3076 b,
1478 3032 1541 3065 32.
1571 3028 1633 3066 ed.
1661 3028 1789 3068 Bekk.
1935 3027 2029 3076 ²⁰²)
2061 3024 2123 3066 Cf.
2152 3031 2232 3066 not.
2255 3031 2344 3067 122.
2374 3033 2411 3067 et
2442 3030 2530 3067 130.
2676 3026 2763 3078 ²⁰⁸)
2790 3024 2920 3068 Suid.

507 3098 571 3124 vv.
608 3085 828 3132 Φιλόξενος
852 3088 891 3121 et
920 3085 1119 3135 Σερῆνος.
1320 3079 1414 3132 ²⁰⁴)
1444 3077 1506 3119 Cf.
1535 3085 1615 3121 not.
1645 3086 1732 3122 127.
1790 3122 1792 3125 ,
1914 3079 2009 3132 ²⁰⁵)
2037 3076 2169 3120 Su't'd.
2195 3093 2232 3120 v.
2261 3085 2480 3137 Λογγῖνος.
2653 3078 2748 3132 ¹⁰⁸)
2775 3077 2922 3122 Schol-

506 3137 640 3181 Hom.
687 3134 732 3177 ll.
765 3139 809 3179 Γ.
836 3136 916 3176 250
955 3149 993 3190 p.
1023 3139 1122 3188 109,
1150 3136 1187 3177 b.
1227 3142 1262 3177 1.
1304 3132 1489 3175 Breviter
1526 3136 1775 3189 Πορφύριος
1810 3135 1855 3180 ἐν
1890 3139 1975 3186 τοῖς
2007 3136 2387 3202 παραλελειμμένας
2424 3133 2621 3174 excitatur
2663 3133 2718 3173 ib.
2758 3145 2795 3174 v.
2825 3137 2920 3174 314.

506 3205 549 3246 p.
580 3197 681 3243 112,
711 3202 758 3240 a,
788 3195 852 3229 10.
995 3190 1089 3242 ²⁰⁷)
1136 3190 1260 3247 Itym.
1289 3188 1353 3229 M.
1387 3191 1485 3237 142,
1514 3192 1568 3227 29
1601 3195 1802 3244 Κρατῖνος
1830 3192 1874 3232 ἐν
1907 3194 1959 3230 τ’
1986 3191 2162 3246 ἐπιτομῇ
2183 3206 2265 3230 των
2293 3191 2531 3232 Βασιλείδου
2557 3189 2650 3241 περὶ
2683 3187 2922 3243 Ὁμηρικῆς

504 3248 660 3296 λέξεως.
734 3243 796 3283 De
821 3243 992 3283 nominis
1030 3242 1160 3283 forma
1190 3244 1240 3284 cf.
1269 3240 1424 3283 Ebert.
1454 3240 1554 3281 diss.
1585 3241 1706 3283 Sieul.
1736 3258 1774 3296 p.
1804 3247 1868 3283 97.
1944 3241 2118 3284 asiliden
2155 3241 2322 3283 stoicum
2357 3247 2552 3284 memorat
2587 3241 2716 3283 Sext.
2745 3240 2919 3295 Enpir.

507 3300 598 3344 adv.
628 3297 827 3339 Mathem.
858 3310 896 3350 p.
926 3299 1041 3346 50⁷„
1069 3295 1313 3350 Epicureum
1341 3293 1491 3347 Πίος.
1516 3295 1670 3336 Lam.
1700 3296 1757 3348 X,
1784 3300 1857 3348 25,
1886 3296 2111 3350 gnosticum
2141 3292 2362 3337 czem.Al.
2392 3302 2573 3338 stromat.
2603 3293 2638 3335 ll
2686 3298 2736 3336 4.
2757 3292 2919 3335 Euseb.

506 3353 558 3395 H.
597 3351 648 3393 Ε.
686 3350 753 3403 IV,
795 3356 858 3392 17.
898 3356 938 3391 et
981 3348 1051 3391 alii
1087 3349 1391 3391 ecclesiastieae
1429 3347 1647 3390 historicae
1686 3350 1929 3405 scriptores,
1971 3347 2181 3390 Basiliden
2217 3355 2374 3403 patrem
2415 3348 2598 3390 Sallustii
2633 3323 2762 3388 ὲιιίἀ.
2808 3361 2855 3388 ε.
2881 3361 2920 3388 v.

510 3407 605 3459 ²⁰⁸)
635 3405 1020 3460 Etym..n1.416,20.
1037 3407 1187 3456 553‚7.
1215 3407 1394 3455 744‚40.
1465 3401 1560 3456 ²⁰³)
1588 3400 1717 3445 Suid.
1746 3417 1779 3444 a.
1807 3419 1845 3445 v.
1878 3400 2255 3458 ,,Λέξεις”Αντιμᾶ
2280 3422 2331 3447 ου
2356 3404 2425 3447 καὶ
2452 3401 2653 3457 (,,κατᾶ“
2682 3401 2785 3443 toni.
2796 3400 2923 3443 Hen-

506 3459 652 3512 eterh.)
673 3456 1011 3517 ‘Hqoextimogf‘
1060 3457 1122 3500 De
1149 3456 1439 3512 grammaticis,
1471 3456 1613 3509 quibus
1643 3464 1728 3499 erat
1754 3457 2021 3500 Heracleonis
2048 3469 2219 3510 nomen,
2276 3456 2335 3499 ixi
2363 3455 2692 3499 commentatione
2711 3452 2847 3508 12.le
2859 3467 2920 3507 eq.
