3293 3960
1459 266 1571 276 -—-
1704 250 1820 282 xxlv
1955 264 2066 273 —-··-·

562 372 700 418 omni
741 371 1047 417 eruditorum
1099 370 1217 416 orbi.
1311 371 1444 434 Quid
1488 371 1640 436 igitur
1692 378 1764 414 est
1825 368 1960 430 quod
2012 382 2279 430 queramur
2328 370 2653 427 immaturum
2690 374 2948 422 interitum

564 440 694 497 eius,
745 439 831 498 qui
879 439 993 483 satis
1037 437 1179 495 vixit,
1232 447 1289 482 ut
1323 439 1484 495 donec
1527 437 1666 483 bonis
1715 436 1935 496 artibus‚-
1964 435 2123 480 donec
2165 449 2408 483 sacrarum
2451 439 2732 487 litterarum
2778 440 2951 488 studiis

564 521 681 549 suus
717 505 879 549 honor
914 506 1110 549 futurus
1143 504 1230 562 sit,
1277 505 1411 550 vivat
1443 506 1498 550 in
1529 503 1769 549 memoria
1815 503 2142 563 posteritatis,
2196 502 2246 546 in
2296 504 2474 560 animis
2520 507 2829 554 eruditorum
2863 508 2951 553 ho-

551 572 771 614 *minum.
838 571 1041 630 Itaque,
1077 569 1422 615 adulescentes
1457 571 1671 633 optumi,
1718 569 1842 612 tanti
1885 569 1977 612 viri
2014 568 2311 613 desiderium
2352 585 2457 615 non
2491 573 2693 630 querela
2738 575 2951 631 lenietis,

563 637 648 680 abs
677 652 773 698 qua
810 651 959 681 nemo
998 645 1100 681 erat
1133 636 1240 697 ipso
1278 637 1504 697 alienior,
1538 637 1623 682 sed
1659 634 1830 680 coletis
1865 649 1983 679 eum
2018 635 2235 696 primum
2271 635 2535 694 memoria,
2569 635 2765 698 deinde,
2801 655 2952 702 quan-

563 713 671 748 tum
714 704 822 748 fieri
856 704 1063 764 poterit,
1110 703 1402 748 imitatione.
1470 705 1529 750 In
1561 704 1609 748 id
1646 702 1777 746 enim
1815 700 2103 761 exemplum
2136 702 2386 748 intuentes
2421 703 2572 748 vitam
2605 707 2951 753 consecrabitis

563 786 666 815 non
723 771 932 815 inertiae
987 770 1073 815 sed
1130 772 1457 832 propagandis
1515 772 1814 826 litterarum,
1871 767 2181 828 proferendis
2230 768 2464 815 scientiae
2510 768 2714 829 finibus,
2785 789 2952 834 neque

564 835 823 897 patiemini
881 845 938 883 ut
981 850 1070 898 per
1121 844 1333 883 vestram
1388 836 1635 902 ignaviam
1677 842 1762 883 aut
1806 833 2044 881 tenebrae
2091 834 2287 892 iterum·
2321 834 2631 884 obducantur
2666 831 2739 884 ‘iis
2788 838 2951 900 rebuS,

567 916 687 966 quas
721 916 1033 956 summorum
1068 902 1329 950 hominum
1366 917 1577 951 acumen
1620 901 1907 961 illustravit,
1953 909 2039 945 aut
2071 903 2245 948 veritas
2280 902 2634 948 detrimentum
2672 903 2831 969 capiat
2870 907 2951 952 vel

563 984 653 1033 per
686 980 971 1034 praeceptas
1007 971 1296 1032 opinioneS,
1340 985 1469 1032 quae
1502 971 1679 1017 nudius
1719 970 1893 1013 tertius
1939 970 2270 1033 excogitatae,
2320 971 2400 1013 vel
2432 984 2524 1032 per
2558 983 2782 1023 errorum
2819 985 2952 1015 com-

563 1049 758 1095 menta,
800 1053 927 1096 quae
973 1037 1184 1095 quadam
1233 1039 1374 1095 quasi
1416 1039 1554 1100 longi
1606 1035 1842 1093 temporis
1887 1036 2277 1095 praescriptione
2323 1036 2617 1095 quibusdam
2670 1038 2953 1099 augustiora

565 1104 822 1161 videntur,
873 1102 1088 1163 denique
1138 1113 1303 1164 spreta
1346 1121 1450 1151 non
1496 1104 1659 1150 minus
1703 1099 2020 1159 δοκησισόφων
2063 1101 2301 1166 sapientia
2342 1112 2392 1149 et
2439 1098 2726 1161 ἅρεταλόγων
2768 1102 2952 1151 virtute

565 1187 713 1231 quam
751 1171 1075 1216 fanaticorum
1108 1169 1277 1215 furore
1315 1180 1366 1216 et
1399 1169 1746 1217 simulatorum
1778 1168 2013 1231 prudenti
2046 1169 2259 1230 pietate,
2300 1168 2386 1231 qui
2420 1170 2596 1216 Curios
2630 1170 2867 1216 simulant
2903 1182 2953 1215 et

564 1238 886 1284 Bacchanalia
933 1237 1131 1296 vivunt,
1195 1237 1327 1298 quod
1363 1240 1457 1285 sub
1491 1255 1550 1284 eo
1585 1238 1818 1301 magistro
1855 1235 2116 1296 didicistis,
2169 1237 2314 1283 etiam
2349 1253 2497 1300 porro
2533 1254 2717 1301 sapere>
2752 1238 2953 1285 audebi-

563 1306 638 1350 tis.
694 1336 757 1344 —
843 1305 1189 1350 Successorem
1225 1315 1394 1351 autem
1442 1311 1557 1352 cum
1605 1304 1918 1366 desperemus
1962 1303 2171 1349 Gesenio
2215 1304 2637 1367 inveniri'parem
2671 1320 2845 1369 posse,
2895 1316 2951 1351 ut

563 1388 627 1416 ne
666 1384 806 1419 tanto
840 1372 1086 1417 decessori
1127 1373 1277 1435 plane
1321 1373 1483 1435 impar
1529 1389 1654 1418 neve
1700 1374 1791 1417 hac
1836 1373 2116 1417 litterarum
2161 1373 2273 1417 luce
2305 1371 2536 1437 indignus
2571 1374 2660 1433 sit,
2708 1373 2760 1418 id
2801 1373 2952 1418 huius

563 1440 897 1487 universitatis
942 1455 1108 1484 caussa
1161 1440 1486 1485 vehementer
1530 1450 1769 1503 optamus.
1857 1440 1985 1484 Huic
2036 1448 2153 1484 voto
2197 1439 2404 1485 fiduciae
2450 1441 2601 1487 robur
2644 1440 2833 1499 addit‚'
2866 1443 2952 1502 qui

564 1519 773 1572 augusto
808 1506 1052 1570 praesidio
1085 1518 1135 1552 et
1170 1507 1338 1553 decori
1375 1507 1526 1553 etiam
1562 1508 1777 1553 Halanae
1813 1507 1994 1552 artium
2031 1506 2302 1569 palaestrae
2346 1523 2398 1552 se
2432 1508 2804 1554 futurum'esse
2842 1524 2952 1570 pro-

563 1573 720 1621 fessus
757 1586 846 1622 est.
910 1572 1095 1620 Valete.
