3293 3960
1319 262 1429 273 —.-
1563 256 1625 285 xv
1758 265 1870 276 -—

400 388 570 423 carum
605 388 785 420 vocum
821 371 1060 431 (Ἅπικόν
1093 371 1327 432 ὀνομάτων
1357 373 1440 431 β’)
1475 373 1679 435 scripsit.
1735 376 1924 423 Verum
1960 384 2015 422 ut
2047 374 2341 438 sophisticus
2375 386 2636 439 apparatus
2672 391 2787 438 qua-

394 443 458 489 lis
491 440 646 486 fuerit
681 453 996 505 cognoscere·
1022 442 1142 488 licet
1191 459 1252 488 ex
1294 441 1400 488 eius
1439 439 1546 487 sive
1589 440 1810 502 epitome
1855 442 1958 489 sive
2002 442 2316 507 fragmentis,
2362 458 2497 505 quae
2536 444 2627 488 Im.
2663 444 2787 489 Bek-

395 510 546 555 kerus
593 504 679 568 (in
714 508 874 570 prima
906 519 1048 571 parte
1079 509 1473 569 Anecdotorum)
1508 506 1696 570 publici
1740 509 1860 556 iuris
1893 509 2038 570 fecit,
2091 509 2161 555 ita
2194 510 2448 570 librorum,
2485 510 2572 571 qui
2605 510 2787 555 Atticas

394 588 544 620 voces
588 575 1089 637 comprehenderant,
1132 585 1358 622 naturam
1403 583 1454 621 et
1496 573 1717 621 indolem
1752 592 1878 638 quae
1912 586 2126 624 aetatem
2173 578 2395 622 tulerunt
2429 576 2700 641 Phrynichi
2738 587 2788 621 et

394 641 616 703 epitome
649 650 700 687 et
730 640 890 701 ἐκλογὴ
935 638 1147 702 ῥημάτων
1190 646 1264 687 καὶ
1300 640 1535 699 ὀνομάτων
1563 639 1776 687 Ἀττικῶν
1821 643 2016 690 docent.
2113 643 2203 687 His
2251 644 2384 688 enirn
2434 644 2655 705 primum
2702 643 2785 688 do·

395 717 535 754 cetur
581 722 665 754 eos
711 708 862 756 libros
908 710 1175 772 inscriptos
1218 708 1369 756 fuisse
1411 708 1717 767 Corneliano
1764 711 1974 770 cuidam,
2040 709 2127 771 qui
2183 710 2412 772 princeps
2490 709 2785 755 eruditionis

392 773 791 837 clarissimusque
826 777 901 823 vir
927 776 996 822 ibi
1025 778 1103 838 (p.
1137 779 1249 824 418.
1286 777 1520 837 Lobeck.)
1573 776 1851 838 appellatur
1883 788 2033 839 atque
2082 792 2198 821 curn
2232 776 2284 821 in
2329 778 2465 823 omni
2502 776 2785 823 eruditione

392 841 688 888 excelluisse
721 851 830 887 tum
864 844 917 888 in
953 844 1217 889 verborum
1255 843 1451 889 delectu
1485 842 1787 905 praestitisse
1820 844 2052 905 reliquiS,
2102 843 2162 888 ab
2198 842 2578 905 imperatoribus
2612 853 2784 889 autem

393 909 464 969 (id
499 917 588 968 est,
623 908 675 953 ni
710 908 868 970 fallor,
903 909 963 955 ab
984 910 1158 956 Marco
1195 919 1245 956 et
1266 909 1561 969 Commodo)
1601 907 1839 972 Graeciae
1872 909 2183 974 praepositus
2217 918 2365 970 atque
2401 911 2618 973 epistolis
2655 911 2784 970 (sine

391 977 541 1023 dubio
574 975 780 1039 graecis)
817 977 1066 1023 adhibitus
1098 977 1248 1023 fuisse
1282 977 1461 1024 dicitur
1493 978 1571 1038 (p.
1586 979 1700 1023 3⁷9.
1714 981 1826 1025 418.
1841 976 2002 1037 225.);
2038 977 2219 1024 deinde
2240 977 2415 1022 iisdem
2443 978 2680 1039 probatur
2714 977 2780 1024 ita

391 1058 477 1089 eos
500 1052 807 1104 comparatos
843 1044 1019 1104 fuisse,
1054 1052 1111 1089 ut
1145 1044 1379 1090 docerent
1414 1054 1464 1089 et
1494 1058 1622 1104 quae
1656 1043 1805 1090 verba
1840 1055 1894 1091 ut
1927 1044 2150 1102 ἀδόκιμα,
2182 1045 2419 1102 βάρβαρα,
2463 1044 2647 1102 ἀμαθῆ,
2693 1043 2782 1088 ἀλ,-

387 1110 582 1162 λόκοτα,
624 1110 782 1160 τελέως
817 1109 996 1167 ἐξίτηλα
1041 1113 1199 1169 (303),
1233 1110 1578 1169 διεφθαρμένα,
1609 1111 1797 1168 κίβδηλα
1832 1115 1997 1170 (300),
2027 1113 2224 1167 ἐσχάτως
2260 1109 2455 1168 ἀδόκιμα
2496 1114 2628 1172 (26),
2656 1113 2780 1156 πάνυ

389 1174 583 1235 ἀμαθῶς
620 1177 751 1237 (27),
786 1175 866 1222 οὔκ
900 1175 1051 1237 ὀρθῶς
1085 1177 1323 1235 λεγόμενα,
1368 1178 1585 1237 ποιητικὰ
1618 1178 1680 1234 μὴ
1713 1180 1928 1223 πολιτικοί
1961 1179 2227 1243 fugienda,
2265 1188 2315 1222 et
2349 1194 2474 1239 quae
2509 1189 2564 1223 ut
2598 1179 2780 1234 δόκιμα,

386 1255 445 1291 ut
486 1243 651 1304 ἀρχαῖα
696 1245 936 1291 imitanda
981 1255 1171 1304 essent;
1216 1245 1269 1291 id
1320 1255 1489 1291 autem
1544 1245 1616 1290 sic
1661 1245 1846 1291 factum
1898 1263 2028 1305 esse,
2086 1255 2145 1290 ut
2189 1244 2637 1306 reprehenderetur
2676 1262 2778 1292 non

384 1322 580 1358 tantum
615 1312 657 1356 si
692 1311 809 1371 quid
843 1312 904 1356 ab
938 1312 1225 1373 aequalibus
1269 1322 1399 1357 esset
1433 1312 1646 1370 dictum,
1698 1313 1832 1372 quod
1866 1311 2245 1378 vituperandum
2300 1310 2575 1371 videretur,
2620 1313 2778 1358 veluti

385 1380 447 1424 ab
483 1378 763 1425 Phavorino
800 1376 974 1441 (huius
1010 1378 1166 1424 oratio
1200 1378 1415 1424 maxime
1451 1378 1678 1425 omnium
1715 1379 2028 1443 exagitatur),
2064 1378 2123 1424 ab
2153 1377 2439 1437 Plutarcho,
2474 1379 2532 1423 ab
2566 1379 2776 1424 Alexan-

385 1445 621 1558 drohffyro
649 1445 895 1507 sophista,
945 1445 1004 1491 ab
1031 1445 1276 1492 Antiocho
1307 1445 1548 1506 sophista,
1584 1444 1644 1490 ab
1674 1445 1902 1492 Lolliano
1928 1445 2169 1510 sophista,
2204 1445 2265 1491 ab
2300 1444 2573 1490 Polemone
2606 1446 2776 1492 Ionico

382 1528 473 1575 sop
511 1523 633 1571 ista,
670 1511 758 1557 sed
781 1529 845 1557 ne
870 1512 1208 1574 superioribus
1231 1513 1433 1573 quidem
1464 1522 1626 1558 aetate
1649 1523 1965 1574 parceretur,-
1992 1514 2059 1560 sic
2083 1511 2366 1558 Menander
2392 1512 2549 1556 semel
2576 1514 2775 1574 quidem

381 1580 437 1626 in
462 1595 557 1626 usu
584 1576 839 1637 λιβανωτοῦ
863 1580 999 1627 verbi
1024 1579 1260 1642 probatur
1285 1581 1349 1643 (p.
1374 1579 1522 1640 182),
1558 1579 1611 1625 in
1637 1579 1843 1641 reliquis
1864 1582 1977 1627 vero
2007 1580 2126 1626 locis
2153 1579 2481 1623 vehementer
2510 1581 2775 1641 reprehen-

383 1647 541 1701 ditur,
593 1645 1032 1694 vehementissime
1084 1663 1130 1709 p.
1165 1651 1279 1695 416.
1312 1650 1424 1696 418.
1459 1650 1572 1695 440.
1608 1649 1725 1693 442.
1779 1648 1884 1707 (ubi
1929 1659 2021 1694 est:
2070 1645 2199 1691 τοῦθ’
2250 1643 2390 1695 οὕτως
2424 1645 2666 1702 ἀδόκιμον,
2716 1642 2773 1697 ὦς

381 1712 486 1760 οὐδὲ
515 1714 785 1775 Μένανδρον
832 1713 957 1774 αὐτῷ
1003 1714 1315 1775 stricato-Jove),
1372 1715 1489 1761 hinc
1539 1715 1809 1777 opponitur
1854 1731 1986 1761 nunc
2018 1721 2109 1766 τοῖς
2162 1712 2366 1773 ἀρχαίοις
2422 1716 2495 1776 (p.
2525 1720 2633 1762 196.
2656 1719 2771 1765 331.

366 1785 492 1831 ⁴1⁵.
507 1798 577 1845 sq.
597 1783 758 1842 425),
799 1797 934 1828 nunc
962 1787 1055 1833 τοῖς
1089 1782 1292 1840 δοκίμοις
1323 1784 1464 1843 (363.
1479 1784 1593 1829 387.
1609 1783 1745 1839 425.)
1783 1792 1932 1843 atque
1969 1782 2285 1845 coniungitur
2320 1798 2433 1827 cum
2468 1788 2558 1832 τοῖς
2590 1784 2773 1834 πολλοῖς

380 1850 555 1911 (442.)
645 1850 760 1897 Non
813 1849 970 1912 magis
1014 1850 1228 1911 parcitur
1271 1849 1542 1911 Antiphani
1589 1850 1666 1909 (p.
1696 1850 1861 1907 333.)‚
1913 1849 2179 1911 Philippidi
2215 1850 2294 1911 (p.
2334 1851 2496 1907 363.),
2529 1851 2773 1910 Hyperidi

381 1916 564 1976 (333.),
616 1915 896 1975 Aristoteli,
961 1915 1254 1979 Chrysippo.
1349 1918 1513 1976 Atque
1559 1915 1686 1959 haec
1731 1914 1794 1959 de
1841 1915 2134 1977 Phrynicho.
2194 1941 2245 1946 —
2345 1916 2523 1960 Contra
2567 1917 2774 1977 Phryni-

379 1985 527 2030 chum
564 1981 736 2030 Suidas
774 1992 949 2028 auctor
985 1992 1060 2027 est
1093 1983 1252 2028 Onum
1294 1982 1545 2043 scripsisse
1579 1981 1998 2039 Alexandrinum,
2043 1982 2092 2027 id
2138 1982 2198 2027 ad
2235 1981 2495 2027 Milesium
2543 1998 2650 2028 esse
2696 2000 2770 2029 re·

379 2049 672 2110 ferendum,
726 2048 811 2110 qui
856 2050 1014 2094 altero
1060 2065 1107 2111 p.
1145 2050 1258 2094 Chr.
1308 2048 1506 2093 saeculo
1551 2047 1732 2093 vixerit
1783 2064 1947 2109 neque
1995 2047 2401 2112 distinguendum
2454 2049 2512 2092 ab
2556 2047 2772 2095 ’Λττικῶν

377 2119 539 2169 λέξεων
574 2114 836 2180 συναγωγῇ,
870 2132 1018 2177 quam
1055 2116 1229 2161 Orioni
1269 2114 1603 2161 Alexandrino
1639 2114 1823 2160 tribuat
1867 2114 2053 2175 Suidas,
2088 2114 2410 2177 probabiliter
2455 2117 2621 2161 statuit
2664 2117 2772 2164 Rit-

378 2184 935 2246 schelius¹⁸⁸).-—Post
976 2183 1068 2228 hos
1113 2182 1406 2228 nominandi
1447 2181 1680 2229 videntur
1717 2181 1962 2242 Galenus,
1997 2183 2254 2245 Lupercus
2302 2191 2352 2227 et
2401 2183 2629 2229 Mnaseas
2679 2185 2771 2231 Be—

376 2252 519 2314 rytii,
552 2261 704 2312 atque
738 2250 1009 2314 Longinus·
1054 2250 1241 2295 Eorum
1279 2249 1412 2295 enirn
1449 2247 1698 2306 Galenus,
1735 2248 1875 2293 cuius
1910 2259 2044 2294 aetas·
2075 2251 2180 2295 fere
2211 2250 2341 2294 intra
2375 2265 2526 2294 annos
2552 2304 2557 2311 ,
2580 2261 2760 2303 cxxm,

378 2329 428 2365 et
467 2319 551 2370 ’(ἷό.
586 2335 634 2381 p.
674 2318 786 2364 Chr.
823 2316 974 2375 cadit,
1008 2327 1204 2378 praeter
1236 2317 1516 2380 glossarum
1572 2315 1912 2377 Hippocrati8‚
1948 2326 2146 2377 praeter
2180 2316 2536 2361 vocabulorum
2580 2318 2768 2365 Aristo-

372 2386 574 2450 phanis,
609 2384 893 2446 EupolidiS,
924 2382 1108 2428 Cratini
1152 2383 1461 2444 aliorumque
1500 2383 1804 2431 comicorum
1840 2383 2198 2442 enarrationes,
2247 2397 2366 2443 quas
2398 2397 2512 2426 mox
2548 2398 2769 2431 comme-

373 2452 692 2510 morabimuS‚
726 2451 875 2497 etiarn
912 2449 1294 2512 explicationem
1322 2449 1414 2495 τῶν
1446 2452 1575 2509 παρὰ
1609 2454 1701 2499 τοῖς
1730 2446 1956 2498 Ἀττικοῖς
1979 2448 2291 2508 συγγραφεῦσι
2316 2448 2547 2505 ὀνομάτων
2573 2451 2769 2516 scripsit

371 2519 509 2567 libris
527 2518 611 2578 ¹⁸⁷)
653 2516 974 2581 quadraginta
1017 2525 1157 2574 octo;
1204 2517 1458 2579 Lupercus
1512 2533 1632 2562 vero
1679 2516 1929 2576 Berytius,
1987 2533 2137 2577 quem
2185 2515 2356 2579 paullo
2403 2527 2516 2560 ante
2568 2516 2765 2564 Claudii

360 2584 848 2647 -secunditempora
898 2583 929 2629 i.
977 2598 1018 2629 e.
1064 2593 1179 2629 ante
1234 2599 1421 2630 annum
1483 2593 1712 2634 CCvau.
1767 2599 1811 2643 p.
1849 2583 1961 2627 Chr.
2010 2583 2189 2629 vixisse
2241 2582 2412 2627 Suidas
2459 2592 2635 2629 auctor
2679 2596 2767 2642 est,

362 2670 490 2701 cum
522 2653 618 2698 alia
652 2652 910 2710 scriberet,
953 2665 1082 2711 quae
1116 2650 1177 2695 ad
1211 2651 1582 2715 grammaticam
1629 2658 1784 2695 artem
1820 2649 2128 2711 spectabant,
2162 2650 2216 2696 in
2263 2649 2442 2711 quibus
2486 2650 2762 2698 Herodiani

369 2719 686 2784 potissimum
728 2726 993 2781 praecepta
1035 2716 1272 2778 probasse
1308 2718 1524 2775 videtur,
1577 2725 1682 2761 tum
1720 2716 1900 2761 Atticas
1930 2716 2172 2762 dictiones
2192 2717 2275 2774 ¹⁸⁸)
2312 2715 2494 2773 edidit;
2532 2717 2761 2764 similiter

368 2785 726 2844 Mnaseas¹⁸⁹)‚
759 2784 912 2846 ipsius
946 2782 1199 2845 popularis
1232 2787 1339 2844 περὶ
1368 2782 1592 2830 ’Λττικῶν
1614 2781 1846 2839 ὀνομάτων
1873 2792 2232 2828 commentatus
2270 2797 2378 2828 esse
2415 2782 2606 2829 dicitur.
2664 2785 2762 2830 De-

366 2855 523 2916 nique
551 2852 818 2913 Dionysius
841 2849 1035 2895 Cassius
1060 2849 1344 2914 Longinus,
1382 2853 1468 2914 qui
1502 2866 1632 2898 anno
1670 2847 2007 2895 ducentesimo
2044 2849 2412 2913 septuagesimo
2436 2850 2582 2895 tertio
2596 2852 2758 2913 p.Chr.

368 2922 572 2967 affectus
610 2928 685 2964 est
717 2918 895 2964 ultimo
930 2916 1200 2978 supplicio,
1235 2920 1511 2965 Atticarum
1548 2918 1820 2964 dictionum
1866 2915 2115 2978 duplicem
2152 2917 2426 2962 editionem
2473 2917 2533 2963 ad
2577 2918 2759 2963 littera-

366 3002 482 3034 rum
510 2983 743 3032 ordinem
778 2983 1065 3031 adornatam
1099 2982 1437 3046 vulgavit¹’⁰).
1478 2979 1742 3032 Hactenus.
1809 2983 2020 3027 Inferius
2043 2983 2179 3028 enim
2215 2982 2518 3028 descendere
2554 2994 2604 3028 et
2637 2985 2756 3030 Atti-

351 3138 359 3188 j
512 3141 597 3193 ¹⁸⁸)
625 3135 845 3180 Ritschel.
877 3137 917 3176 in
947 3142 1140 3177 comment
1181 3137 1229 3177 de
1259 3136 1340 3177 Oro
1368 3149 1407 3188 p.
1424 3139 1487 3175 36.
1685 3137 1774 3186 ¹⁸⁷)
1811 3133 1872 3175 Cf.
1898 3131 2057 3175 Galen.
2094 3136 2143 3175 de
2171 3133 2287 3176 libris
2319 3136 2402 3176 snis
2428 3148 2460 3175 r.
2494 3140 2555 3175 18.
2585 3134 2753 3175 T.X1x.

364 3211 408 3252 p.
434 3199 501 3236 48.
532 3200 571 3235 et
599 3194 648 3234 de
678 3190 803 3232 ordin.
830 3189 969 3231 libror.
1000 3203 1105 3231 suor.
1144 3204 1183 3244 p.
1213 3194 1277 3231 61.
1307 3190 1370 3230 ed.
1398 3188 1557 3229 Knehn.
1753 3186 1839 3238 ¹⁸⁸)
1880 3184 2064 3230 ’Λττικαὶ
2102 3190 2224 3239 λέξεις
2260 3195 2340 3228 tmn
2370 3190 2474 3240 apud
2502 3188 2687 3228 suidam
2717 3203 2753 3229 v.

348 3247 611 3304 sAmimoxog
651 3244 738 3298 (ubi
766 3258 839 3308 pro
867 3246 909 3288 ἐν
938 3241 1000 3292 οἷς
1029 3243 1154 3287 πολλὰ
1204 3244 1589 3296 κατευδοκιμεῖ
1622 3240 1890 3301 Ἥρωᾷιανοῦ
1918 3242 2172 3283 scribendum
2200 3242 2374 3282 videtur:
2404 3243 2753 3291 κατευδοκεῖ),

362 3301 445 3346 tuni
471 3303 513 3343 in
540 3301 669 3343 indice
698 3304 936 3352 scriptorum
966 3297 1114 3339 Suidae
1143 3298 1364 3351 praemisso
1399 3302 1776 3346 commemorantur,
1814 3308 2053 3349 quamquam
2082 3297 2175 3338 hnic
2213 3309 2329 3337 nemo
2355 3303 2501 3335 temere
2538 3295 2753 3336 crediderit

348 3348 418 3398 ‘ab'
443 3355 571 3398 suida
596 3354 636 3396 in
664 3353 795 3396 lexico
855 3351 1308 3406 consarcinandoipsas
1337 3350 1510 3402 Luperci
1546 3355 1584 3389 et
1613 3349 1785 3403 Longini
1824 3349 2020 3390 dictiones
2058 3350 2210 3391 Atticas
2250 3362 2340 3389 esse
2378 3349 2417 3388 in
2453 3354 2589 3400 partes
2629 3362 2753 3390 voca-

360 3417 438 3452 tas·
564 3408 650 3459 ¹⁸⁹)
676 3406 805 3449 Suid.
832 3421 869 3448 v·
899 3409 1109 3457 Μνασέας.
1161 3426 1166 3429 ·
1253 3405 1337 3458 ¹⁹⁰)
1367 3401 1494 3446 Suid·
1518 3400 1719 3447 Ἀττικῶν
1762 3404 1905 3456 λέξεων
1932 3406 2111 3457 ἐκδόσεις
2135 3402 2194 3460 β’.
2238 3404 2310 3447 εἶσὶ
2335 3401 2380 3446 δὲ
2405 3401 2508 3446 κατὰ
2537 3409 2747 3458 στοιχεῖον.
