3293 3960
1360 237 1467 247 ......-
1603 228 1631 259 v
1763 241 1873 250 -.-.
1908 235 1910 237 >

401 366 504 409 non
548 347 769 396 diversus
804 348 957 395 fuerit
1001 348 1061 394 ab
1106 348 1316 402 Seleuco
1364 347 1719 411 Alexandrino,
1773 351 1861 413 qui
1902 351 2161 399 Homerici
2217 348 2518 415 cognomine
2577 356 2681 394 erat
2736 357 2786 392 et

400 421 592 478 Rornae
636 415 791 464 bonas
842 426 969 463 artes
1023 415 1241 477 docebat
1295 418 1678 464 commentarios
1728 430 1919 467 autom·
1948 420 2055 466 fere
2100 419 2154 465 in
2201 417 2397 479 quosvis
2453 424 2624 479 poetas
2670 413 2785 460 scri-

397 484 567 553 psisse,
588 482 791 545 dicitur,
838 484 893 531 in
922 483 1135 550 Augusti
1167 492 1383 531 aetatem
1418 483 1709 546 incidit¹¹⁹);
1754 487 1967 550 denique
2002 485 2367 550 Epaphroditus
2405 481 2785 541 Chaeronensis,

400 549 722 615 qni-,Romae
773 552 926 600 vitam
976 551 1067 598 sub
1101 551 1303 597 Nerone
1348 551 1447 615 egit
1482 561 1531 597 et
1574 552 1636 598 ad
1671 553 1865 599 Nervae
1909 570 2068 617 usque
2115 553 2384 616 imperium
2428 549 2785 614 produxit¹²⁰);

394 624 710 682 postremum
764 635 979 682 quorum
1023 614 1260 666 incertior
1304 628 1377 664 est
1411 629 1556 679 aetas,
1600 618 1933 681 Apollodorus
1972 624 2254 682 Cyrenaeus
2270 619 2380 679 ¹²¹),
2421 617 2783 680 Neoptolemus

395 684 659 745 Parianus,
692 687 953 745 Anicetus,
988 685 1292 747 Eumolpus,
1340 684 1559 746 Glauco,
1594 685 1898 735 Philoxenus
1933 688 2295 735 Alexandrinus
2309 687 2420 747 ¹²²),
2469 686 2556 747 qui
2589 684 2783 729 Romae

395 752 589 809 litteras·
620 752 844 803 docebat.
931 753 1020 799 His
1052 753 1308 812 Marsyam
1352 768 1454 797 non
1492 754 1652 798 ausim
1698 754 1904 812 addere,
1946 772 2110 817 neque
2148 756 2280 800 enim
2326 755 2372 799 ei
2415 763 2619 815 propter
2663 749 2784 795 duas

398 819 634 880 quasdam
672 821 932 867 verborum
978 818 1358 881 explicationes,
1394 836 1511 881 quas
1567 820 1674 865 eius
1719 822 1912 866 nomini
1958 825 2240 867 Athenaeus
2286 822 2563 882 adscripsit,
2615 818 2783 880 singu-

396 886 501 933 lare
543 886 819 951 glossarum
864 903 986 948 opus
1031 885 1254 941 tribuere
1297 886 1438 948 licet,
1484 887 1778 949 praesertim
1824 904 1937 933 cum
1981 890 2238 951 potuerint
2284 889 2399 933 illae
2447 884 2785 932 enarrationes

396 953 479 1016 vel
500 954 566 1001 in
597 969 767 999 rerum
800 953 1272 1012 Macedonicarum,
1316 971 1433 1015 quas
1470 965 1684 1014 uterque
1718 955 1965 1015 Marsyas,
2011 957 2087 1002 vel
2118 958 2167 1002 in
2205 956 2339 1001 libris
2376 955 2435 1001 de
2469 951 2784 1000 institutione

396 1019 689 1080 Alexandri,
744 1037 869 1081 quos
913 1019 1164 1080 antiquior
1202 1015 1262 1075 (ὅ
1295 1023 1641 1079 πρεσβύτερος),
1683 1022 1763 1066 vel
1809 1022 1861 1071 in
1910 1022 2044 1068 libris
2086 1023 2146 1068 de
2181 1022 2352 1068 Atticis
2396 1018 2784 1082 antiquitatibus,

400 1102 524 1150 qnos
575 1088 820 1150 posterior
867 1082 921 1142 (ὅ4
945 1087 1179 1146 νεώτερος)
1230 1089 1446 1151 scripsit,
1494 1086 1760 1134 commode
1794 1087 1963 1134 locum
2006 1099 2177 1134 tenere
2213 1088 2397 1147 123).--
2455 1088 2637 1133 Contra
2681 1098 2784 1129 non

395 1155 829 1217 praetermittendi
907 1157 1003 1202 hoc
1063 1156 1175 1202 loco
1250 1167 1365 1203 sunt
1390 1172 1394 1175 ’
1420 1171 1817 1217 synonymorum
1867 1157 2172 1217 scriptores,
2239 1156 2537 1217 quicumque
2588 1151 2784 1199 Prodici

398 1222 687 1286 exemplum
730 1223 888 1268 secuti
938 1224 1575 1269 adfiniumvocabulorum
1623 1221 1902 1270 discrimina
1947 1223 2279 1286 explicarunt,
2327 1240 2424 1284 quo
2469 1223 2522 1269 in
2570 1233 2781 1267 nurnero

394 1300 591 1354 praeter
626 1290 961 1351 Chrysippum
1009 1291 1230 1336 Stoicum
1247 1290 1327 1349 ¹²⁴)
1380 1302 1428 1337 et
1479 1291 1747 1337 Seleucum
1789 1308 1929 1352 eum,
1975 1309 2129 1354 quem
2186 1290 2335 1337 modo
2382 1288 2782 1345 memoravimus,

541 1495 631 1550 ¹¹⁹)
659 1494 823 1540 Athen·
856 1495 895 1547 l,
925 1501 997 1548 20,
1025 1497 1064 1541 ‘1-
1148 1495 1251 1539 01·ἰο
1282 1495 1527 1538 Schneider
1572 1511 1610 1552 Ρ.
1642 1502 1706 1542 83.
1746 1503 1828 1542 not.
1860 1502 1896 1538 4.
1974 1498 2078 1540 Esse
2108 1505 2241 1538 autem
2268 1498 2523 1538 Homericum
2544 1508 2623 1535 non
2652 1494 2784 1534 direr-

394 1565 480 1595 sum
511 1552 561 1592 ab
588 1550 885 1604 glossograpbo
910 1552 1028 1589 etiam
1057 1563 1144 1591 eam
1173 1554 1220 1590 ob
1239 1564 1398 1590 eausam
1427 1552 1633 1603 probabile
1656 1559 1730 1603 est,
1760 1554 1861 1605 quod
1875 1552 2126 1592 Homericum
2157 1555 2205 1592 de
2227 1563 2533 1604 sruouymorum
2554 1547 2785 1587 differentiis

391 1606 611 1658 scripsisse
644 1603 790 1643 suidas
828 1610 964 1644 auctor
1002 1611 1076 1645 est.
1135 1604 1294 1643 Glossis
1325 1604 1494 1653 Seleuci,
1532 1618 1632 1657 quas
1671 1605 1712 1644 in
1739 1611 1987 1658 Συμμίκτοις
2026 1606 2207 1645 extitisse
2249 1600 2403 1645 'conieci
2447 1615 2569 1654 supra
2597 1607 2675 1642 not.
2698 1603 2783 1640 105.

394 1659 604 1713 aliquoties
632 1656 888 1706 Athenaeus,
925 1671 1019 1698 raro
1058 1657 1126 1699 alii
1166 1657 1427 1699 testimonium
1465 1659 1726 1710 ‹lt-nunciant,
1767 1658 1886 1700 veluti
1927 1658 2124 1700 Eustath.
2167 1660 2203 1698 iu
2236 1660 2384 1706 odyss.
2432 1672 2467 1711 p.
2503 1660 2615 1706 1963,
2643 1659 2707 1697 33.
2748 1658 2786 1693 et

391 1711 605 1765 Stephon.
634 1710 744 1764 Byz.
785 1724 824 1754 v,
858 1711 1126 1767 Βρεντήσιον,
1167 1712 1230 1752 ubi
1273 1718 1333 1752 est
1369 1717 1419 1754 Σ.
1460 1714 1503 1754 ἐν
1531 1714 1705 1768 δευτέρω
1742 1717 1945 1769 γλωσσῶν.
2104 1717 2191 1764 ¹²⁰)
2221 1706 2506 1766 Epaphroditi,
2552 1712 2599 1749 de
2629 1722 2704 1761 quo
2733 1707 2784 1747 es.

391 1766 518 1807 Suid.
548 1780 568 1807 s
607 1780 667 1814 τη,
705 1777 805 1816 quae
849 1765 912 1804 bis
952 1767 1003 1806 ab
1043 1765 1187 1806 Schol.
1228 1767 1266 1805 in
1306 1764 1448 1805 Arist.
1488 1766 1527 1804 in
1566 1758 1744 1807 eiusd‘em
1781 1768 1892 1807 vocis
1929 1771 2118 1821 χοιρίνων
2163 1766 2326 1821 ψήφων
2376 1764 2642 1817 explicatione
2689 1760 2784 1802 affe·

390 1825 527 1860 runtur
571 1820 691 1869 λέξεις
734 1817 798 1868 (cf
853 1815 956 1858 Otto
998 1816 1258 1861 Schneider.
1301 1833 1335 1871 p.
1364 1820 1472 1869 95.),
1515 1819 1688 1861 sortasse
1730 1834 1808 1860 non
1847 1821 2092 1873 promisi-uae
2136 1822 2205 1859 sed
2254 1821 2409 1860 Atticae
2452 1825 2600 1858 tantum
2653 1821 2781 1855 erant.

399 1874 489 1920 ¹²¹)
517 1871 801 1924 Apollodorum
830 1871 1079 1922 Cyrenaeum
1105 1870 1364 1911 Athenaeus
1392 1872 1466 1921 XI,
1495 1876 1596 1922 487,
1625 1874 1663 1915 b.
1690 1887 1769 1912 non
1797 1874 1906 1912 novit
1940 1874 2017 1912 nisi
2060 1888 2110 1911 ex
2143 1874 2368 1925 Pamphilo.
2411 1894 2463 1902 —
2531 1867 2784 1921 Neoptolemi

387 1925 551 1966 Pariani
579 1924 807 1964 Athenaeus
844 1929 925 1963 tum
952 1923 1238 1977 Dionysiadem
1269 1932 1305 1964 et
1333 1923 1475 1964 librum
1516 1926 1564 1965 de
1596 1926 1897 1979 epigrammatis
1928 1932 2005 1965 tum
2045 1926 2197 1965 tertium
2227 1926 2454 1976 glossarum
2493 1923 2638 1962 librum
2669 1934 2781 1960 com-

390 1983 585 2021 memorat
606 1976 674 2027 xl,
688 1976 827 2027 476,f;
859 1976 910 2016 cf.
920 1976 1062 2017 Mein.
1073 1976 1186 2017 Anal.
1198 1977 1315 2017 Alex.
1327 1991 1364 2030 p.
1379 1981 1466 2017 357.
1482 1991 1594 2030 sqq.;
1623 1986 1740 2031 atque
1762 1979 2094 2032 glossograplium
2124 1978 2420 2030 Neoptolemum
2437 1990 2525 2016 rum
2545 1974 2708 2015 Ameria
2730 1975 2780 2013 ab

392 2033 568 2084 Eust.p.
582 2033 674 2081 757,
688 2034 749 2071 19.
765 2030 946 2081 coniungi
963 2030 1042 2070 iam
1065 2043 1188 2083 supra
1207 2033 1305 2079 (not.
1330 2031 1436 2082 116.)
1455 2031 1731 2080 narravimus3
1755 2045 1880 2084 neque
1900 2046 1994 2072 vero
2016 2032 2107 2071 alibi
2130 2044 2245 2083 quam
2264 2032 2301 2071 in
2323 2031 2474 2082 glossis
2492 2026 2781 2079 Neoptolemus

388 2086 585 2127 Parianus
601 2096 714 2123 suum
734 2082 865 2123 tulerit
884 2083 1068 2123 iudicium
1092 2084 1138 2123 (le
1160 2084 1357 2136 scriptura
1376 2087 1518 2134 ἒξεσίη,
1534 2099 1653 2136 quam
1676 2084 1787 2125 illum
1803 2088 1852 2126 ab
1873 2088 2014 2137 ἐξιέναι
2037 2086 2239 2124 derivasse
2267 2093 2303 2124 et
2325 2077 2468 2123 Schol.
2488 2082 2533 2121 ll.
2560 2085 2616 2130 Ω,
2633 2083 2724 2120 235-
2745 2087 2783 2119 et

390 2137 595 2181 Eustath.
627 2152 666 2189 p.
700 2141 814 2187 1347,
841 2141 906 2180 29.
951 2144 1155 2177 testantur.
1209 2137 1360 2187 Quodsi
1389 2137 1587 2178 Parianus
1616 2138 1902 2191 Neoptolemus
1943 2141 1991 2180 ab
2023 2137 2223 2181 Eustmlae.
2265 2139 2382 2179 etiam
2423 2138 2461 2177 iu
2499 2135 2575 2178 od.
2618 2152 2659 2190 ρ,
2690 2138 2780 2185 219,

391 2208 431 2246 p.
465 2196 589 2241 1817,
616 2196 680 2233 20.
713 2189 977 2243 significatur,
1007 2197 1092 2232 erat
1120 2189 1187 2232 ille
1217 2190 1281 2231 rel
1308 2192 1572 2245 Aristophane
1601 2195 1861 2246 grammatico
1891 2193 2081 2247 antiquior
2125 2215 2175 2221 —
2229 2191 2399 2240 Aniceti,
2427 2189 2628 2243 Eumolpi,
2657 2188 2781 2227 Glau-

390 2247 502 2286 conis
531 2248 632 2298 quod
675 2257 753 2283 non
790 2245 1018 2296 ignoramus
1056 2245 1288 2294 memorias,
1333 2247 1415 2285 fere
1456 2247 1522 2284 uni
1550 2245 1788 2285 Athenaeo
1834 2250 2020 2286 debemus
2063 2247 2166 2298 (xl,
2193 2251 2297 2294 480,
2325 2247 2352 2286 f.
2396 2251 2501 2294 483,
2531 2257 2568 2284 a.
2612 2248 2711 2290 783,
2743 2257 2777 2280 r.

389 2300 441 2340 Τ·
468 2304 506 2341 4·
552 2313 592 2352 P·
621 2304 701 2338 ²2⁰
754 2295 1037 2349 *50hweigh·)·
1185 2297 1273 2349 122)
1301 2296 1428 2341 Sm‘d.
1458 2313 1496 2340 v.
1536 2297 1752 2350 Φιλόξενος
1781 2300 1882 2340 hunc
1914 2301 2025 2340 docet
2063 2299 2227 2351 quinque
2257 2298 2488 2352 glossarum
2517 2297 2642 2337 libros
2672 2295 2775 2335 scri-

389 2353 535 2405 psisse.
602 2351 690 2392 Erit
719 2351 824 2392 idem
851 2351 966 2392 nobis
1005 2351 1109 2392 infra
1137 2353 1286 2392 «luobus
1314 2351 1405 2392 aliis
1434 2353 1659 2393 nominibus
1689 2354 1902 2405 ‹lii-endiis,
1938 2355 2034 2406 quod
2076 2360 2111 2392 et
2150 2352 2321 2403 gnmuoig
2358 2351 2522 2405 glossas
2561 2358 2598 2390 et
2626 2350 2776 2390 Home-

387 2407 495 2446 riras
525 2404 754 2458 explicavit.
917 2405 1007 2453 123)
1049 2405 1101 2445 Cf
1142 2405 1345 2457 egregiam
1370 2402 1622 2445 Ricscliem
1648 2408 1696 2446 de
1725 2414 1887 2459 utroque
1914 2407 2079 2459 Marsya
2109 2408 2478 2446 commentationem
2509 2404 2774 2456 praemissam

387 2460 508 2500 indici
539 2458 676 2508 Schol.
707 2457 813 2499 univ.
844 2456 1057 2499 Vratislav.
1089 2465 1216 2498 aestat
1262 2463 1374 2501 1836.
1404 2472 1441 2510 p,
1475 2463 1512 2501 9.
1560 2458 1754 2512 Marsyae
1795 2462 1870 2501 duo
1898 2473 2028 2501 rerum
2057 2460 2278 2512 scriptores
2314 2458 2601 2510 distinguuntur
2654 2462 2692 2495 et
2721 2455 2771 2494 ab

386 2513 755 2566 Harpocratione
792 2517 831 2551 et
871 2513 921 2549 ab
961 2509 1120 2562 suida,
1149 2524 1310 2564 quorum
1348 2519 1511 2564 uterque
1541 2512 1831 2552 Macedonicas
1865 2513 2052 2552 historias
2095 2512 2239 2551 litteris
2285 2514 2336 2552 sit
2377 2509 2627 2563 perseeutuS,
2670 2508 2773 2548 alter

388 2566 605 2618 antiquior,
640 2563 851 2613 Pellaeus,
889 2565 1111 2603 Alexandri
1139 2566 1279 2615 Magni
1317 2565 1520 2615 aequaliS,
1567 2565 1670 2602 alter
1697 2567 1967 2618 Philippensis
2005 2565 2180 2603 incertae
2221 2565 2377 2615 quidem
2413 2562 2556 2603 aetatis
2596 2561 2665 2602 sed
2705 2574 2771 2601 re-

385 2620 536 2659 centior
563 2617 655 2663 illo;
684 2616 730 2666 si,
759 2616 797 2656 id
827 2618 929 2667 quod
958 2617 1054 2658 mihi
1083 2616 1238 2669 quidem
1265 2618 1434 2658 noudum
1463 2624 1631 2668 constat,
1659 2633 1746 2659 eum
1775 2618 1912 2660 horum
1935 2616 2122 2659 alterutro
2154 2617 2193 2658 in
2220 2618 2336 2659 unius
2367 2628 2562 2672 personae
2592 2613 2771 2668 speciem

385 2671 680 2723 coniungendus
717 2674 778 2709 est
812 2669 869 2721 is,
918 2683 1033 2723 quem
1073 2670 1309 2711 Parthenius
1352 2671 1454 2723 apud
1484 2670 1765 2712 Athenaeum
1795 2672 1866 2722 XI,
1895 2675 1992 2722 467,
2032 2685 2067 2711 c.
2110 2671 2357 2725 „Marsyam
2393 2669 2579 2710 Heri-ulis
2628 2680 2766 2707 sarcr-

385 2727 553 2767 dote1n“
596 2736 645 2776 ap
677 2722 794 2772 ellat,
838 2736 913 2775 ego
955 2737 1106 2777 quoque
1135 2726 1395 2777 posteriorem
1437 2725 1760 2764 crediderim'eo
1798 2727 1950 2764 nomine
1988 2724 2229 2776 significari,
2272 2733 2310 2764 et
2351 2726 2400 2763 ad
2444 2723 2612 2761 eundem
2649 2721 2769 2760 etiam

384 2782 596 2820 vei-borum
623 2737 718 2817 illas
746 2775 1036 2828 explicationes
1062 2778 1295 2819 rettulerim.
1324 2776 1525 2818 tusuida
1543 2783 1623 2818 tum
1645 2792 1716 2830 pro
1734 2781 1935 2833 Μαρσύας
1964 2780 2189 2832 Μάρσου
2220 2775 2519 2830 reseripserim:
2546 2778 2609 2817 M.
2629 2778 2768 2825 Μαρ-

384 2833 533 2884 σύου,
576 2840 658 2872 tum
685 2843 755 2884 pro
783 2833 850 2873 nai
879 2831 992 2887 ἕτερά
1022 2849 1112 2875 τινα
1137 2834 1230 2888 περὶ
1258 2836 1328 2885 τῆς
1356 2834 1460 2882 ἰδίας
1487 2834 1680 2887 πατρίδος
1716 2839 1860 2874 mutato
1890 2833 2045 2873 ordine:
2087 2834 2153 2875 καὶ
2193 2833 2294 2886 περὶ.
2322 2836 2395 2884 τῆς
2422 2832 2529 2880 ἰδίας
2562 2830 2768 2883 πατρίδος,

382 2889 449 2934 καὶ
487 2885 601 2941 ἕτερά
644 2903 747 2929 τινα.
910 2886 1001 2937 ¹²¹)
1045 2886 1316 2941 Chrysippum
1356 2886 1579 2927 dubitanter
1621 2889 1806 2936 nomino;
1837 2886 1897 2927 Cf.
1924 2884 1967 2928 V
1967 2884 2081 2928 alck.
2116 2885 2249 2937 Praef.
2283 2879 2321 2925 'n
2349 2883 2767 2936 Ammon.P.XX1.-

383 2942 552 2983 Seleuco
581 2939 749 2981 Suidas
789 2954 820 2979 s.
849 2954 887 2979 ν.
927 2940 1072 2980 librum
1114 2941 1360 2994 singularem
1394 2944 1486 2991 περὶ
1517 2947 1590 2995 τῆς
1625 2945 1669 2984 ἐν
1705 2945 1976 2994 Συνωνύμοις
2002 2944 2206 2993 διαφορᾶς
2232 2940 2442 2980 tribuit.—
2469 2936 2549 2991 Hip
2582 2950 2687 2979 onax
2722 2938 2767 2989 ἐν

381 2992 657 3049 Συνωνύμοις
693 2994 744 3034 ab
772 2990 1005 3034 Athenaeo
1032 2993 1109 3046 XI,
1146 2998 1221 3035 481
1254 2994 1281 3036 f.
1319 2994 1534 3045 excitatur,
1581 3008 1697 3047 quem
1732 3008 1758 3036 a
1783 3001 1914 3037 vetere
1955 2993 2241 3048 iambographo
2280 2992 2513 3047 cognomine
2589 2990 2766 3031 abricius

380 3059 419 3094 et
444 3049 602 3099 Schwei
633 3048 853 3090 haeuscrus
881 3046 1068 3101 distingui
1097 3049 1242 3090 iubent.
1265 3072 1312 3081 -
1347 3049 1589 3091 Simmaristi
1616 3049 1884 3104 Συνωνύμων
1908 3047 1997 3090 libri
2024 3048 2161 3089 tertius
2188 3052 2227 3088 et
2255 3053 2418 3100 quartus
2448 3045 2594 3100 singuli
2620 3046 2681 3086 bis
2706 3046 2764 3086 *ab

380 3107 522 3146 eodem
554 3063 758 3155 Athenaeo
800 3102 838 3142 in
875 3107 1009 3154 partes
1047 3110 1260 3151 vocantur-3
1302 3104 1354 3144 cf.
1390 3102 1640 3156 Schweigh.
1681 3105 1761 3144 ind.
1808 3127 1858 3134 —-
1920 3101 2147 3143 Ptolemaeo
2187 3101 2443 3142 Ascalonitae
2485 3099 2615 3140 said.
2653 3114 2689 3140 s.
2725 3113 2765 3147 1.

379 3157 514 3205 tribuit
541 3156 686 3197 librum
706 3159 798 3210 περὶ
829 3158 1033 3207 διαφορᾶς
1068 3158 1233 3206 λέξεων;
1256 3170 1361 3208 quae
1378 3163 1507 3196 autem
1527 3157 1605 3196 hoc
1636 3157 1764 3197 indice
1781 3159 1851 3196 sub
1866 3156 2081 3196 Ptolemaei
2100 3155 2255 3194 nomine
2273 3154 2486 3195 Fabricius
2509 3153 2628 3194 edidit
2644 3149 2767 3204 (bibl,

379 3211 515 3257 Gna.
555 3224 594 3261 p.
622 3211 812 3261 aiosq„
852 3214 890 3249 6-.
930 3221 967 3258 p.
999 3212 1075 3248 157
1101 3222 1188 3261 sqq.
1212 3208 1406 3261 Han-les),
1442 3209 1526 3249 sere
1555 3208 1751 3260 αὕταλὲξεὶ
1791 3209 2021 3260 conspirant
2058 3221 2147 3248 enm
2182 3207 2406 3248 Ammonio.
2450 3229 2501 3238 —
2550 3205 2768 3259 ‘prpng

385 3267 523 3309 Φίλων
547 3263 594 3308 δν
623 3266 680 3318 τῷ
707 3264 799 3318 περὶ
826 3259 1036 3318 διαφόρων
1066 3266 1381 3317 σημαινομένων
1418 3262 1616 3303 excitatur
1651 3264 1701 3303 ab
1729 3261 1936 3303 Eustathio
1969 3261 2010 3302 in
2038 3260 2204 3301 Iliadem
2243 3259 2406 3314 aliquoti
2432 3273 2475 3311 s,
2501 3266 2543 3300 ut
2575 3264 2668 3316 831,
2685 3261 2767 3309 :1¹-

377 3322 535 3371 Βοὸῥθ.
546 3320 692 3367 807,2;
707 3330 832 3369 neque
854 3317 954 3354 vero·
968 3315 1252 3357 affirmaverim
1277 3331 1352 3368 pro
1375 3325 1482 3356 certo
1508 3318 1563 3355 ita
1583 3318 1768 3356 scribenti
1780 3316 1987 3356 Eustathio
2009 3313 2107 3354 nihil
2123 3314 2228 3355 aliud
2250 3328 2341 3354 esse
2363 3312 2630 3365 obversatum,
2647 3324 2768 3368 quan

378 3371 500 3418 euius
518 3377 713 3422 excerpta
739 3370 815 3408 hoe
837 3369 965 3408 indice
997 3366 1227 3424 ,,Ἐρανιόυ
1262 3376 1449 3418 Φίλωνος
1480 3370 1571 3422 περὶ
1601 3371 1803 3423 διαφορᾶς
1830 3370 2052 3422 enuncia?
2081 3368 2132 3410 ab
2160 3366 2425 3410 Valckenario
2450 3365 2647 3425 inlunem
2673 3380 2769 3422 pro,-
