3293 3960
1379 220 1490 233 ...-
1627 207 1676 241 1v
1812 219 1921 230 ...-

455 327 603 375 anius
648 327 949 389 scriptorum
998 337 1326 389 poetarumve
1368 328 1591 393 generis,
1645 328 1725 375 vel
1770 327 1918 374 unius
1966 326 2086 374 certi
2123 327 2381 376 cuiusdam
2428 329 2620 394 poetae*
2654 328 2859 393 scripto-

445 393 584 442 'risve
634 394 881 456 explicare
934 394 1275 442 instituebant.
2304 449 2308 453 ,
2676 398 2683 411 ’

586 462 918 509 Promiscuas
971 471 1142 509 autem
1216 470 1416 525 praeter
1468 462 1854 525 Aristophanem
1927 462 2222 524 Byzantium
2299 464 2508 527 eiusque
2572 465 2860 529 disciplinae

452 529 683 575 alumnos
749 529 1083 575 Callistratum
1140 528 1615 591 Artemidorumque
1681 539 1731 574 et
1784 528 2095 589 Diodorum,
2157 545 2279 592 quos
2338 532 2529 580 maiora
2581 533 2860 600 glossarum

460 612 670 659 corpora
732 596 1009 642 condidisse
1070 597 1122 642 in
1176 596 1343 658 priore
1397 597 1824 642 commentatione
1874 596 2281 660 significavimuS,
2356 598 2466 645 illas
2529 601 2685 666 igitur
2746 601 2862 647 scri—

459 663 653 725 pserint
690 664 912 725 primum
961 664 1189 710 Simmias
1237 662 1466 709 Rhodius
1486 665 1594 724 ¹¹⁶),
1662 664 1748 725 qui
1793 664 1891 708 iam
1936 663 2029 713 sub
2077 664 2365 723 Ptolemaeo
2415 665 2478 712 ΙΙ.
2531 665 2862 730 Philadelpho

460 730 710 783 floruisse,
761 740 912 791 atque
947 729 1260 776 Timachidas
1293 729 1470 775 itidem
1507 731 1730 777 Rhodius
1772 739 1822 775 et
1854 730 2076 775 Amet-ias
2111 732 2326 777 Macedo
2345 734 2451 792 ¹¹⁷),
2483 732 2589 794 ”qui
2624 733 2864 780 ab·'illius

460 797 770 858 temporibus
803 813 909 844 non
957 799 1174 843 multum
1222 796 1403 842 afuisse
1451 799 1708 854 videntur,
1770 806 1879 842 tum
1913 796 2136 858 Silenus,
2190 799 2277 861 qui
2311 799 2518 845 fortasse
2561 799 2693 845 inter
2728 800 2863 845 Han-

460 863 661 909 nibalici
693 864 813 910 belli
851 875 900 910 et
936 864 1186 911 Ciceronis
1219 874 1447 924 tempora
1483 866 1604 911 vixit
1618 866 1725 924 ¹¹⁸);
1769 861 1949 909 deinde
1984 864 2248 925 Seleucus,
2285 866 2394 928 qui,
2431 865 2702 912 dummodo
2737 867 2865 931 glos-

461 930 761 994 sographus,
814 932 867 978 id
903 933 1035 993 quod
1070 932 1315 978 Kuestero
1366 933 1576 994 aliisque
1623 931 1811 994 placuit
1848 940 2021 991 estque
2073 947 2191 978 sane
2244 950 2487 995 perquam
2539 933 2701 980 simile
2747 933 2866 991 veri,

608 1076 700 1128 ¹¹⁶)
732 1074 938 1115 Simmiam
977 1073 1175 1115 Rhodium
1212 1074 1519 1127 grammaticum
1549 1066 1696 1115 Strab.
1725 1073 1829 1124 XIV,
1858 1078 1949 1115 655.
1990 1074 2092 1114 inter
2130 1087 2201 1114 eos
2239 1077 2436 1128 nominat,
2486 1077 2548 1130 qui
2589 1076 2759 1141 patriam
2797 1089 2866 1115 nr—

464 1133 556 1172 hem
585 1129 696 1171 fama
723 1130 893 1170 nominis
923 1129 985 1171 sui
1016 1128 1213 1178 ornarint,
1255 1128 1315 1169 cui
1348 1130 1450 1181 quod
1482 1128 1681 1170 snhinnwit
1709 1131 1777 1171 καὶ
1807 1128 2074 1182 Ἀριστοκλῆς
2112 1126 2134 1172 ὅ
2172 1131 2301 1172 καθ’
2338 1128 2497 1183 ἡμᾶς,
2530 1139 2629 1171 satis
2666 1130 2744 1170 iam
2774 1142 2869 1183 pro-

461 1183 960 1226 hatSimmiamAristocle
992 1182 1252 1235 antiquiorem
1282 1181 1423 1224 fnisse.
1450 1183 1575 1237 Atque
1596 1190 1795 1236 alquanto
1825 1194 1914 1222 eum
1938 1183 2114 1235 priorem
2135 1182 2259 1223 fuisse
2292 1185 2653 1239 exHephaestione
2685 1188 2866 1238 apparet,

466 1239 534 1293 qui
571 1238 733 1277 Enchir.
776 1251 809 1276 c.
839 1243 877 1277 9.
920 1252 959 1290 p.
989 1242 1051 1277 54.
1095 1235 1316 1276 Philiscum
1356 1237 1644 1290 Corcyraeum,
1685 1238 1880 1289 tragicum
1920 1237 2122 1287 Pleiadis,
2168 1249 2283 1289 quem
2325 1238 2473 1279 Suidas
2511 1246 2650 1279 auctor
2689 1245 2750 1279 est
2793 1238 2867 1277 suh

466 1292 698 1333 Ptolemaeo
728 1291 996 1343 Philadelpho
1027 1290 1203 1339 vixisse,
1233 1290 1391 1343 mentiri
1424 1291 1539 1340 dicit,
1584 1292 1683 1342 quod
1714 1291 1939 1330 hexametri
1970 1290 2225 1330 choriambici
2256 1291 2500 1331 inventorem
2533 1306 2577 1332 se
2607 1293 2747 1342 iactet,
2791 1304 2866 1342 quo

466 1358 614 1396 genere
644 1345 724 1384 iam
755 1351 861 1383 mate
892 1359 989 1383 eum
1017 1342 1205 1383 Simmias
1236 1343 1288 1382 sit
1317 1357 1434 1390 usus;
1466 1343 1610 1383 etenim
1641 1357 1727 1382 cum
1757 1345 1807 1382 ah
1838 1344 1979 1382 eodem
2012 1343 2180 1382 Simmia
2218 1351 2255 1382 et
2295 1352 2377 1383 tres
2407 1344 2635 1400 glossarum
2664 1345 2789 1383 libros
2830 1350 2869 1381 et

468 1395 584 1440 {aria
642 1396 822 1438 carmina
862 1396 1013 1451 scripta
1049 1410 1145 1437 esse
1206 1394 1355 1437 Suidas
1410 1398 1574 1448 doceat,
1645 1397 1816 1438 ‹lubitari
1854 1396 1989 1450 nequit
2036 1397 2127 1450 quin
2168 1396 2357 1439 Simmias
2406 1404 2526 1451 poeta
2570 1397 2686 1440 fuerit
2746 1398 2866 1447 idem,

471 1454 536 1504 qui
576 1453 884 1504 grammaticus,
939 1458 1023 1489 erat
1060 1452 1178 1502 igitur
1223 1450 1416 1488 Simmias
1456 1452 1740 1503 grammaticus
1789 1458 1897 1488 certe
1942 1463 2023 1491 non
2074 1451 2270 1503 posterior
2312 1451 2544 1492 Ptolemaeo
2588 1451 2868 1501 Philadelpho.

469 1506 560 1547 Nou
592 1511 653 1545 est
692 1511 822 1545 autem
855 1502 1052 1545 dissimile
1082 1503 1167 1543 veri
1206 1503 1327 1543 etiam
1357 1503 1637 1543 'fimat-hidam
1678 1502 1912 1554 popularem
1956 1503 2063 1553 eius,
2109 1518 2223 1554 quem
2268 1503 2354 1543 eum
2397 1519 2443 1544 eo
2471 1503 2634 1544 Athen.
2664 1504 2749 1553 XV,
2778 1509 2871 1553 677,

470 1575 504 1601 c.
545 1557 584 1599 in
621 1556 725 1603 hunc
764 1558 927 1598 modum
958 1556 1174 1609 coniungit:
1213 1559 1433 1611 Τιμαχίδας
1461 1557 1502 1599 δὲ
1538 1558 1602 1599 καὶ
1631 1561 1809 1610 Σιμμίας
1842 1559 1884 1598 οἷ
1916 1552 2094 1606 Ῥόδιοι,
2130 1564 2167 1597 et
2195 1556 2400 1598 Ameriam
2426 1556 2715 1608 Macedonem,
2755 1565 2870 1609 quem

469 1612 537 1654 ille
569 1612 703 1651 itidem
732 1625 820 1650 cum
850 1611 1091 1650 Timachida
1119 1609 1303 1663 copulat,
1345 1612 1522 1650 eiusdem
1552 1612 1633 1649 fere
1665 1611 1808 1649 aetatis
1838 1610 1979 1650 fuisse.
2037 1611 2098 1651 Cf.
2130 1612 2177 1650 de
2210 1606 2871 1659 SimmiaJacobs.'Authohxnk

473 1682 511 1720 p.
528 1664 824 1706 951.Simmiae
855 1664 1007 1717 glossis
1037 1671 1173 1716 qnater
1205 1665 1323 1705 utitur
1352 1665 1580 1705 Athenaeus
1609 1678 1687 1704 non
1717 1665 1851 1704 addito
1894 1665 2023 1705 iudice
2053 1665 2166 1711 lihri3
2205 1679 2305 1716 quae
2344 1665 2411 1706 ille
2442 1664 2523 1715 Vll,
2537 1670 2626 1705 327.
2648 1666 2747 1705 inde
2776 1678 2871 1716 pro-

474 1721 565 1769 fert,
594 1719 634 1759 in
664 1731 760 1758 suos
790 1731 888 1764 usus
920 1718 1113 1758 derivavit
1145 1716 1411 1757 Eustathius
1445 1718 1479 1758 in
1513 1718 1586 1761 od.
1618 1733 1655 1771 p.
1685 1722 1807 1770 1784,
1837 1721 1902 1757 41.
2001 1718 2091 1771 ¹¹⁷)
2118 1719 2221 1758 luter
2250 1717 2428 1759 Silenum
2459 1726 2499 1758 et
2526 1717 2738 1759 Seleucum
2768 1718 2872 1769 quod

473 1773 636 1817 Athen.
669 1772 754 1820 XV,
766 1777 859 1819 699,
871 1786 905 1810 e.
928 1771 1208 1810 Tuum-hidam
1240 1777 1278 1809 et
1309 1772 1510 1810 Ameriam
1540 1772 1774 1823 interponit,
1815 1772 1908 1810 hine
1938 1784 2034 1810 cave
2064 1772 2234 1824 colligas
2264 1772 2339 1811 hos
2368 1769 2406 1811 ut
2436 1771 2605 1811 Seleuco
2632 1773 2790 1824 priores
2815 1772 2873 1819 ita

472 1827 613 1867 Sileno
644 1826 893 1878 posteriores
926 1825 1063 1863 fuisse.
1129 1825 1243 1874 Quod
1271 1831 1402 1864 autem
1432 1826 1535 1876 apud
1570 1826 1734 1864 eundem
1752 1823 1917 1865 Athen.
1952 1825 2011 1865 his
2044 1825 2128 1876 (ΙΙΙ,
2147 1829 2279 1874 114,e.
2301 1825 2467 1874 ΙΧ,369,
2482 1827 2538 1874 a.)
2571 1829 2769 1876 utriusque
2795 1824 2870 1863 viri

474 1880 683 1919 coniuncta
702 1884 813 1917 extat
841 1878 1036 1917 memoria
1057 1877 1159 1930 (illic
1184 1876 1457 1931 ὀνομάζουσιν
1482 1879 1676 1931 Ἀμερίας
1695 1881 1760 1919 καὶ
1779 1880 2010 1929 Τιμαχίδας,
2037 1878 2102 1917 hic
2126 1875 2193 1919 ’A.
2217 1878 2258 1920 δὲ
2286 1879 2353 1920 καὶ
2372 1879 2496 1929 Τιμ.),
2523 1877 2649 1917 semel
2672 1877 2873 1917 disiuncta

474 1932 661 1985 (ΙΙΙ,114,
674 1931 728 1981 c.)
754 1929 955 1983 Ἀμερίας
978 1930 1245 1982 δὲ-ὁμοίως
1275 1931 1318 1973 δὲ
1348 1934 1412 1972 καὶ
1431 1936 1654 1984 Τιμαχίοας,
1694 1930 1818 1970 semel
1847 1930 1951 1983 (XV,
1969 1936 2057 1980 699,
2072 1931 2125 1981 e.)
2157 1936 2371 1985 Τιμαχίδας
2393 1932 2436 1973 δὲ
2456 1930 2477 1973 ὅ
2498 1930 2667 1979 ”Ρόόιος
2683 1952 2732 1960 -
2750 1928 2872 1981 'Apa

474 1991 567 2040 ρίας
594 1985 663 2033 δὲ,
691 1984 755 2024 his
782 1991 931 2024 tantum
958 1997 1055 2023 unus
1088 1982 1289 2036 Ἀμερίας
1328 1982 1348 2026 ὁ
1379 1984 1590 2027 Μακεδών
1617 1988 1658 2027 ἐν
1686 1991 1770 2033 ταῖς
1802 1983 2007 2033 ΓΛώσσαις
2030 1983 2123 2035 (IV,
2139 1989 2224 2034 176,
2240 1999 2272 2025 e.
2309 1993 2346 2025 et
2380 1986 2435 2036 e.)
2461 1984 2695 2033 nominatur,
2731 1985 2876 2035 prohat.

474 2039 677 2091 utriusque
705 2037 882 2091 glossis,
929 2044 1011 2077 utut
1046 2037 1189 2077 fuerint
1227 2037 1432 2088 diversae,
1478 2038 1649 2090 aliquam
1680 2044 1813 2078 tamen
1844 2038 2121 2078 intercessisse
2152 2038 2509 2084 necessitudinem
2554 2045 2669 2089 atque
2699 2035 2873 2077 ‹er-ateis

478 2105 574 2133 sane
616 2091 712 2131 illud
757 2097 865 2131 certe
913 2103 1139 2141 commune,
1184 2092 1287 2144 quod
1326 2099 1512 2144 utrasque
1552 2091 1756 2145 usurpavit
1785 2090 2043 2144 Pamphilus,
2084 2097 2270 2145 utrasque
2309 2105 2360 2132 ex
2389 2089 2601 2144 Pamphilo
2643 2097 2723 2130 tum
2750 2089 2873 2131 Athe-

475 2160 602 2186 naeus
641 2153 723 2184 tum
774 2145 1047 2198 Diogenianus
1084 2145 1293 2206 cognovit,
1340 2159 1390 2184 ex
1428 2146 1676 2199 Diogeniano
1723 2153 1854 2184 autem
1893 2147 2041 2198 recepit
2079 2145 2307 2198 Hesychius
2346 2145 2529 2197 (Ranke
2570 2145 2603 2183 Ι.
2639 2157 2672 2183 c.
2714 2158 2752 2197 p.
2779 2147 2902 2182 113.-

478 2208 538 2252 sq.
569 2201 747 2253 p:118.).
802 2198 986 2239 Ameriae
1024 2197 1196 2251 glossis,
1247 2201 1295 2239 de
1339 2199 1481 2251 quihus
1530 2199 1739 2251 diligenter
1802 2199 1966 2250 scripsit
2007 2197 2224 2239 [tauteus
2271 2205 2408 2251 p.ll7.
2442 2213 2515 2249 sq..
2557 2197 2711 2239 Aelium
2754 2198 2874 2237 etiam

476 2254 737 2306 Dionysium,
782 2254 845 2304 qui
890 2254 960 2291 suh
996 2251 1201 2291 Hadriano
1240 2252 1364 2303 vixit,
1416 2265 1508 2292 esse
1551 2266 1664 2292 usum
1708 2252 1974 2292 Eustatluus
2011 2252 2151 2303 prohat
2189 2252 2228 2291 in
2266 2251 2339 2293 Od.
2374 2271 2426 2302 ω,
2453 2256 2544 2292 208.
2587 2252 2629 2304 p.
2655 2253 2769 2293 1958.
2814 2264 2873 2303 pr.

478 2308 587 2347 ldem
616 2306 656 2346 in
695 2306 741 2347 ΙΙ.
778 2311 819 2356 1,
864 2311 940 2345 377
969 2320 1008 2359 p.
1039 2309 1137 2356 757,
1170 2310 1233 2346 19.
1272 2305 1312 2345 iu
1351 2306 1617 2357 explicatione
1659 2306 1858 2358 proverbii
1903 2310 1946 2348 ἐν
1975 2303 2117 2358 Καρὸς
2155 2310 2249 2365 αἴσῃ
2288 2306 2424 2346 hahet:
2474 2305 2531 2356 ὥς
2567 2305 2765 2357 Ἀμερίας
2804 2307 2875 2346 καὶ

481 2358 768 2409 Νεοπτόλεμος
791 2364 834 2403 οἱ
860 2358 1184 2415 γλωσσογράφοι.
1239 2358 1299 2399 Ad
1329 2361 1493 2398 easdem
1521 2361 1702 2399 Ameriae
1733 2360 1896 2411 glossas
1937 2367 2089 2411 spectat
2128 2360 2247 2399 ctiam
2279 2359 2414 2399 Schol.
2445 2359 2489 2399 ll.
2521 2366 2584 2409 A,
2614 2364 2692 2400 754
2723 2373 2759 2410 p.
2784 2364 2875 2407 330,

478 2427 514 2454 a.
544 2419 607 2453 29.
662 2413 925 2454 Timachidas
964 2413 1147 2452 Rhodius
1184 2418 1266 2452 tum
1306 2413 1601 2453 commentariis
1632 2419 1667 2452 et
1695 2412 1977 2465 Aristophanis
2013 2411 2170 2453 fabulas
2200 2412 2348 2466 aliquot
2388 2418 2424 2453 et
2455 2411 2659 2466 Euripidis
2690 2412 2877 2452 Medeam

479 2467 694 2508 illustravit
722 2467 879 2519 (Schol.
910 2467 948 2506 in
978 2466 1089 2506 Med.
1107 2471 1195 2515 167,
1228 2467 1329 2506 unde
1361 2466 1551 2506 credibile
1582 2474 1642 2506 est
1663 2466 1780 2506 etiam
1809 2466 1846 2505 in
1879 2465 2014 2506 Schol.
2026 2481 2063 2505 v.
2078 2474 2111 2505 1.
2142 2466 2178 2505 T
2182 2466 2406 2506 imachidae
2436 2479 2577 2505 nomeu
2604 2467 2876 2517 reponendum

482 2533 596 2570 esse,
634 2519 700 2560 nbi
745 2520 785 2560 iu
824 2519 939 2560 litu-is
969 2526 1078 2560 extat
1117 2517 1209 2563 ὅδὲ
1247 2524 1466 2574 Τίμαρχος,
1511 2531 1745 2572 quamquam
1786 2531 1904 2560 secus
1945 2519 2077 2559 statuit
2103 2517 2297 2560 Richter
2336 2520 2383 2559 de
2419 2517 2629 2570 AeschyL,
2670 2517 2876 2568 Sophocl„

482 2574 663 2627 Euripid.
701 2574 907 2626 interpret.
945 2583 1079 2625 graec.
1111 2584 1148 2625 p.
1179 2572 1280 2624 63.),
1315 2578 1406 2611 tum·
1433 2572 1608 2611 heroicis
1639 2572 1822 2613 versibus
1861 2574 2081 2622 „eoenam“
2117 2571 2182 2613 vel
2218 2572 2421 2623 „coenas“
2464 2571 2674 2625 (Δείπνων
2700 2570 2877 2627 ἀναγρα-

483 2624 586 2677 φάς)
624 2626 738 2665 libris
770 2627 913 2666 sinon
942 2626 1121 2677 pluribus
1159 2633 1267 2664 certe
1305 2626 1488 2664 undecim
1528 2626 1753 2677 descripsit.
1799 2626 1878 2664 Sed
1912 2627 1959 2664 de
1996 2624 2149 2677 glossis
2186 2626 2283 2674 eins,
2308 2638 2385 2673 non
2421 2625 2549 2665 haheo
2587 2627 2689 2678 quod
2730 2627 2878 2664 addam

483 2680 536 2721 iis
578 2692 676 2731 quae
711 2677 931 2720 Raab-eus
974 2693 1009 2730 p.
1042 2685 1129 2719 113.
1164 2692 1250 2730 sqq.
1281 2686 1319 2719 et
1344 2676 1394 2718 0.
1424 2676 1673 2718 Schneider
1715 2693 1753 2730 p.
1785 2684 1850 2718 91.
1889 2677 2122 2729 attuleruut,
2161 2676 2252 2717 'nisi
2296 2677 2409 2721 illud,
2436 2678 2877 2728 unum,.Timachidae

482 2745 627 2776 nomen
646 2738 753 2772 reete
784 2732 942 2785 quidem
970 2732 1252 2772 ahMaussaco
1281 2731 1478 2772 redditum
1499 2744 1587 2771 esse
1608 2730 1918 2785 Harpocrationi
1946 2744 1982 2771 r.
2014 2729 2161 2787 α’ργᾱς,
2193 2730 2293 2774 satis
2319 2737 2449 2772 autem
2469 2731 2729 2773 inveteratum
2747 2731 2876 2773 videri

482 2787 610 2837 uleus,
641 2799 728 2826 cum
759 2789 857 2838 qum!
892 2787 931 2825 in
959 2786 1073 2825 libris
1088 2785 1447 2837 Harpocrationis,
1476 2786 1512 2825 id
1533 2786 1649 2825 etiam
1672 2786 2060 2827 inBekkeriAnecd.
2079 2785 2326 2839 reperiatur:
2347 2790 2401 2828 Τι’
2415 2803 2580 2841 μαρχο
2602 2803 2621 2835 ς
2646 2784 2668 2828 ὁ
2692 2783 2874 2836 Ῥόδιος.

489 2841 581 2894 ¹¹⁸)
611 2840 746 2892 Neque
787 2841 889 2880 enim
928 2841 1130 2880 diversum
1166 2839 1340 2880 arbitror
1379 2838 1556 2879 Silenum
1595 2838 1933 2894 glossographnm
1972 2841 2022 2880 ab
2064 2840 2200 2881 Sileno
2244 2852 2315 2891 eo,
2358 2853 2473 2892 quem
2512 2853 2609 2879 esse
2639 2837 2880 2880 Hannibalis

482 2909 552 2938 res
592 2893 896 2948 diligentissime
943 2900 1198 2957 persecutum
1238 2891 1395 2936 Cicero
1435 2894 1482 2934 de
1520 2894 1597 2935 div.
1634 2893 1672 2946 l,
1700 2899 1762 2936 24.
1803 2901 1991 2944 testatur3
2046 2894 2152 2936 hunc
2188 2899 2320 2937 autum
2362 2900 2618 2945 „auctorem
2642 2893 2880 2936 Graecum“

480 2951 523 2990 in
552 2952 674 2990 rebus
702 2949 977 2988 Hannibalicis
1007 2948 1169 2989 Livius
1198 2960 1350 3001 quoque
1381 2947 1554 3000 (XXVl,
1582 2952 1651 2999 49,
1681 2954 1748 3002 3.)
1778 2956 1816 2989 et
1837 2949 2029 3003 Dionys.
2057 2947 2214 2990 Halic.
2242 2948 2287 2988 A.
2316 2948 2366 2988 R.
2396 2948 2434 3000 l,
2465 2953 2502 2989 6.
2530 2955 2568 2989 et
2604 2947 2677 2988 hic
2745 2948 2876 2993 uidem

481 3010 576 3059 post
602 3001 840 3054 Antigonum
870 3009 906 3043 et
934 3002 1143 3053 Polybium
1173 3008 1512 3043 commemoratos
1540 3008 1683 3043 testem
1711 3004 1818 3044 citat.
1886 3003 1947 3044 Ab
1977 3002 2052 3042 hoc
2094 3000 2230 3042 Sileno
2268 3002 2468 3056 distinguo
2505 3001 2684 3042 Silenum
2756 3002 2878 3053 hium,

484 3058 724 3111 scriptorem
751 3055 958 3096 fabulosae
991 3053 1197 3108 historiae,
1227 3070 1325 3110 quae
1347 3066 1350 3069 '
1370 3057 1421 3096 ab
1447 3053 1615 3096 Tzetza
1640 3057 1679 3096 in
1704 3057 1885 3111 Lycoph.
1901 3062 1994 3097 786.
2024 3064 2062 3097 et
2090 3058 2140 3096 ab
2169 3056 2373 3096 Eustutle.
2414 3057 2452 3096 in
2480 3056 2597 3096 Hom.
2627 3056 2700 3096 Od.
2725 3076 2755 3106 r,
2784 3061 2877 3097 407.

482 3116 670 3166 p.·1871,
699 3117 766 3151 21.
809 3110 895 3162 (ubi
931 3110 967 3150 le
1000 3112 1141 3150 endum
1170 3113 1211 3153 ἒν
1242 3113 1412 3164 δευτέρῳ
1471 3112 1584 3168 ιβλίῳ
1617 3115 1700 3153 τῶν
1737 3110 1898 3154 αὐτου
1938 3116 2133 3162 μυθικῶν
2172 3124 2244 3160 pro
2286 3110 2488 3162 αὐτῶν)
2529 3110 2676 3150 diserte
2706 3123 2882 3151 comme-

482 3171 686 3212 moratum
716 3164 802 3203 eius
831 3162 935 3203 liber
963 3164 978 3202 l
1002 3196 1009 3203 .
1050 3162 1294 3215 significatur
1314 3177 1339 3205 a
1356 3166 1420 3206 St.
1470 3177 1545 3217 yz-
1577 3176 1615 3207 v,
1639 3169 1817 3217 Παλίκη.
1846 3164 2063 3215 Utrumque
2082 3163 2257 3205 Silenum
2287 3163 2524 3204 distinxisse
2551 3163 2704 3203 videtur
2732 3163 2884 3204 Eustae
2947 3176 2949 3178 ’

484 3218 614 3267 thius,
655 3217 721 3269 qui
749 3217 827 3255 hoc
866 3216 953 3255 loco
985 3214 1164 3268 Σιληνός
1189 3215 1209 3258 ὁ
1241 3223 1366 3268 Χίος,
1395 3218 1435 3257 in
1464 3218 1539 3256 od.
1573 3233 1614 3270 η,
1644 3223 1773 3271 101.p
1805 3220 1968 3266 1571,5.
2001 3224 2133 3255 autem
2152 3217 2251 3257 κατὰ
2271 3215 2344 3259 τᾶν
2363 3214 2682 3271 γλωσσογράφον
2700 3218 2884 3270 Σιληνὸν

483 3270 628 3320 haben
708 3269 822 3312 locus
870 3268 1050 3313 haustus·
1087 3276 1147 3310 est
1191 3284 1243 3311 ex
1282 3270 1446 3312 Athen.
1493 3267 1577 3321 XV,
1610 3275 1716 3321 698,
1756 3285 1790 3313 e.
1853 3270 1979 3311 Sileni
2010 3267 2297 3323 glossographi
2326 3282 2470 3311 nomen
2511 3270 2572 3310 his
2601 3271 2653 3311 ab
2678 3270 2885 3311 Athenaeo

483 3324 679 3379 praeponi
707 3324 914 3364 Clitareho
959 3335 1086 3377 supra
1108 3329 1188 3363 not.
1221 3328 1285 3367 83.
1318 3325 1447 3377 posui.
1514 3324 1642 3367 Huius
1682 3324 1808 3368 Sileni
1844 3323 2014 3380 glossas,
2046 3322 2256 3377 aliquoties
2293 3323 2550 3374 Athenaeus,
2579 3322 2704 3365 semel
2730 3321 2877 3366 schol.

477 3376 811 3432 Apou.1led.
838 3378 986 3430 Argon.
1019 3376 1056 3428 1,
1089 3381 1203 3421 1299.
1237 3386 1533 3421 commemorat.
1695 3381 1700 3385 '
1829 3379 1834 3383 ⁴
1908 3390 1938 3393 '⁴
