3293 3960
1299 295 1412 307 ——-
1547 282 1578 312 X
1584 282 1634 313 ῘΧ
1767 292 1880 305 -—

387 402 733 465 intimaverit,-
769 417 920 465 quem
940 400 1010 450 do
1030 400 1321 464 Simonidis,
1344 399 1648 462 denudari,
1672 401 1733 449 de
1745 401 1997 449 Alcmanis
2021 410 2072 448 et
2097 401 2157 447 de
2183 403 2489 466 reliquorum
2513 401 2785 465 lyricorum

388 470 624 521 diaboti-e
653 470 971 535 perscripsit.
996 498 1051 511 -.-
1118 469 1219 534 Qui
1247 469 1516 533 Tryphoni
1546 470 1762 532 aequalis
1806 480 1936 530 erat,
1980 468 2227 531 Didymus
2262 474 2401 533 (nam
2436 480 2650 531 uterque
2692 469 2785 516 sub

389 540 615 605 Angusto
648 538 825 600 vixit),
862 538 1131 599 tragicam
1162 538 1500 584 elocutionem
1527 552 1683 599 opere
1709 537 2000 600 amplissimi
2035 537 2249 584 ambitus
2278 540 2423 597 (nam
2462 538 2568 584 eius
2600 536 2786 583 duode-

389 605 669 653 tricesimus
701 606 829 652 liber
861 607 922 652 ab
955 606 1462 670 Harpocratione·³¹⁰)
1494 604 1559 651 in.
1582 614 1744 667 partes
1779 605 2019 664 vocatur),
2064 606 2309 667 Aeschyli
2339 615 2507 663 autem
2533 605 2653 656 λέξιν
2686 604 2785 651 sin-

388 672 550 738 gulari
583 672 711 720 libro
745 673 1198 739 Diogenianus⁸¹¹)
1234 672 1568 719 enarravit—
1620 672 1911 718 Comoediae
1950 688 2084 734 quae
2120 673 2265 719 verba
2299 674 2497 735 propria
2533 681 2700 720 essent
2735 682 2785 718 et

389 739 702 799 obscuriora,
727 740 787 786 ab
820 741 1155 801 Lycophrone
1191 749 1239 784 et
1261 738 1595 784 Eratosthene.
1608 754 1715 783 esse
1736 740 1953 800 exposita
1976 740 2077 786 iam
2093 738 2156 801 ³in
2175 740 2338 802 priore
2361 738 2784 787 commentatione

390 808 920 865 commemoravimus-3
970 804 1303 867 Apollodorus
1348 814 1517 852 autem
1559 804 1970 866 Atheniensis²¹²)
2012 815 2121 853 tum
2159 805 2212 853 in
2243 806 2413 854 decem
2449 807 2612 868 libris,
2657 819 2783 869 quos

390 873 455 919 de
499 873 822 936 Epicharmo,
867 884 975 920 tum
1010 873 1066 922 in
1096 871 1492 933 commentariis,
1527 887 1680 934 »quos
1733 872 1785 919 in
1818 872 2090 935 Sophronis
2134 874 2317 920 mimos
2362 875 2581 937 scripsit,
2632 873 2784 920 verba

391 941 661 1000 enarravit,
706 956 833 1002 quae
883 940 1087 1003 quidem
1140 939 1483 1005 glossematica
1527 948 1578 987 et
1624 939 1906 986 obscuriora
1951 950 2130 987 essent.
2176 941 2278 986 Illis
2327 943 2526 986 accessit
2558 941 2783 1003 Didymi,

390 1007 756 1072 diligentissimi
809 1008 1052 1069 hominis,
1118 1008 1266 1054 etiam
1313 1006 1410 1052 hoc
1470 1007 1522 1053 in
1579 1022 1766 1072 genere
1812 1018 2025 1068 spectata
2076 1008 2345 1065 industria,
2391 1009 2536 1054 huius
2583 1009 2784 1065 κωμικὴν

389 1075 617 1135 λέξιν”’)
654 1075 890 1122 credibile
926 1085 1003 1121 est
1034 1090 1138 1121 non
1178 1075 1343 1121 minus
1377 1073 1477 1120 late
1509 1074 1727 1137 patuisse
1760 1089 1907 1135 quam
1943 1075 2164 1120 eiusdem
2198 1077 2411 1134 τραγικὴν
2443 1078 2576 1129 λέξιν,
2611 1092 2778 1137 quam·

390 1156 541 1204 quam
577 1156 691 1187 cum
728 1142 866 1187 idem
899 1142 1145 1205 Didymus
1179 1142 1367 1186 multos
1403 1144 1618 1187 comicos
1653 1151 1824 1202 poetas
1859 1142 2226 1187 commentariis
2261 1143 2591 1202 illustraverit,
2629 1143 2782 1188 veluti

391 1209 675 1269 Cratinum,
732 1208 1104 1270 Phrynichum,
1166 1205 1591 1268 Eupolidem²¹¹),
1646 1206 2162 1269 Aristophanem²¹⁵)‚
2228 1209 2587 1268 Menandrum,
2660 1223 2780 1270 quas

389 1274 658 1323 verborum
706 1276 1041 1321 enarrationes
1086 1286 1345 1334 tamquam
1372 1273 1448 1318 ab
1483 1273 1706 1335 Didymo
1750 1274 1992 1336 profectas
2047 1286 2443 1322 commemorant
2488 1276 2781 1321 scholiastae

391 1351 445 1387 et
488 1341 852 1407 lexicographi,
910 1358 1014 1389 non
1060 1350 1254 1389 constat
1296 1349 1430 1386 certo
1482 1352 1652 1387 utrum
1679 1341 1751 1388 -in
1792 1341 1997 1402 Didymi
2041 1342 2202 1388 lexico
2233 1343 2441 1389 «comico
2488 1358 2549 1388 an
2593 1343 2644 1388 in
2682 1342 2780 1387 illis

391 1411 761 1457 commentariis
804 1409 1011 1457 traditae
1056 1409 1274 1467 fuerint3
1325 1407 1449 1455 illud
1483 1418 1653 1455 autem
1699 1424 1759 1455 ex
1793 1409 2165 1472 Athenaeo²¹⁶)
2210 1410 2378 1475 colligi
2422 1410 2560 1469 licet,
2608 1410 2781 1454 verbo-

388 1491 501 1523 rum
544 1476 925 1541 significationes
970 1477 1117 1523 illum
1162 1475 1391 1521 adhibitis
1426 1485 1690 1538 poetarum
1723 1475 2119 1538 scriptorumque
2168 1478 2464 1522 testimoniis
2497 1478 2778 1522 illustrasse.

386 1571 456 1579 —
524 1543 652 1590 Cum
695 1544 914 1607 Didymo
960 1544 1240 1607 Hesychius
1288 1542 1546 1588 Theonem
1602 1543 1672 1589 ita
1718 1543 1995 1608 coniungit,
2065 1554 2122 1588 ut
2168 1543 2464 1590 dubitationi
2522 1544 2659 1590 locus
2702 1545 2780 1601 sit,

388 1612 530 1657 Theo
565 1611 759 1658 solasne
794 1613 1002 1677 tragicas
1038 1628 1102 1657 an
1135 1612 1263 1657 solas
1299 1612 1533 1669 comicas,
1569 1626 1659 1669 an,
1693 1610 1744 1655 id
1783 1611 1914 1671 quod
1948 1627 2066 1655 sane
2103 1612 2387 1657 credibilius
2435 1623 2519 1669 est,
2553 1628 2655 1657 non
2690 1611 2780 1657 mi-

386 1693 482 1723 nus
534 1693 684 1739 quam
719 1679 967 1739 Didymus
1013 1689 1248 1738 utrasque
1292 1676 1493 1721 diversis
1523 1677 1694 1722 lexicis
1728 1677 2250 1738 explicaverit²¹⁷).—
2277 1679 2572 1740 Epithersen
2620 1695 2780 1741 gram·

386 1743 642 1790 maticum·
668 1744 730 1789 de
774 1745 977 1791 vocibus
1012 1745 1184 1791 Atticis
1226 1753 1276 1788 et
1309 1742 1508 1788 comicis
1554 1754 1705 1804 atque
1747 1743 1940 1807 tragicis
1985 1744 2238 1805 scripsisse
2280 1745 2556 1807 Stephanus
2594 1745 2779 1806 Byzan-

385 1810 598 1870 tius²¹⁸)
634 1820 907 1869 memorat,
941 1811 990 1858 id
1025 1810 1245 1857 fueritne
1281 1824 1435 1855 unum
1472 1824 1624 1873 opus,
1675 1810 1806 1871 quod
1842 1810 1997 1856 tribus
2029 1811 2251 1871 partibus
2290 1822 2420 1856 esset
2466 1812 2779 1873 descriptum,

385 1892 448 1923 an
482 1877 575 1923 tria
610 1877 800 1924 diversa
832 1893 1010 1940 opera,
1058 1878 1252 1923 dubites
1288 1876 1477 1921 merito.
1523 1877 1795 1940 Epithersis
1819 1885 2000 1935 autem,
2026 1877 2066 1921 si
2092 1879 2293 1937 quidem
2318 1895 2505 1923 nomen
2540 1889 2671 1923 recte
2706 1895 2781 1923 re-

383 1943 604 2004 positum
643 1953 717 1990 est
756 1945 889 2007 apud
923 1945 1212 1991 Erotianum
1262 1943 1346 2006 (p.
1380 1945 1460 1990 88.
1502 1944 1577 1989 ed.
1614 1944 1826 2002 Franz.),
1877 1944 1962 1987 ubi
1995 1944 2048 1988 in
2085 1944 2255 1989 codice
2293 1956 2425 1989 extat
2468 1948 2681 2001 Θέρσις
2731 1944 2780 1987 ἐν

383 2010 597 2070 δευτέρῳ.
621 2010 714 2056 ’τῶν
757 2013 943 2066 λέξεων,
991 2022 1125 2056 aetas
1171 2012 1321 2055 etiam
1369 2020 1570 2054 eatenus
1619 2020 1753 2054 certe
1797 2021 1955 2070 patet,
2006 2022 2063 2054 ut
2106 2028 2206 2055 non
2259 2012 2411 2072 possit
2446 2012 2644 2057 Nerone
2690 2028 2779 2071 po-

383 2079 562 2124 sterior
610 2094 744 2138 esse,
795 2081 887 2125 sub
939 2096 1038 2142 quo
1082 2079 1191 2141 ipse
1237 2078 1359 2122 vixit
1393 2077 1683 2134 Erotianus3
1720 2093 1885 2137 neque
1935 2093 2134 2123 caussae
2177 2078 2446 2139 quidquam
2498 2088 2596 2137 est,
2644 2077 2778 2139 quod

383 2146 518 2191 hunc
564 2146 864 2208 Epithersen
909 2147 1177 2210 distinguas
1225 2145 1285 2191 ab
1331 2143 1591 2205 Epitherse
1650 2153 1810 2207 patre·
1835 2143 2097 2190 Aemiliani
2154 2144 2366 2192 rhetoris
2424 2156 2472 2193 et
2517 2146 2776 2206 διδασκάλῳ

381 2212 730 2272 γραμματικῶν,
775 2232 925 2276 quem
978 2213 1209 2276 quiddam
1262 2212 1396 2275 quod
1442 2211 1502 2259 ad
1538 2211 1730 2259 Tiberii
1774 2211 2082 2274 imperatoris
2129 2221 2354 2276 tempora
2403 2215 2619 2277 pertinet
2665 2229 2777 2260 nar-

380 2292 574 2327 rantem
611 2282 726 2329 facit
760 2282 1175 2341 Plutarchus²¹’).
1223 2310 1289 2321 —-
1368 2280 1484 2328 Post
1528 2279 1643 2329 illos
1676 2279 1961 2327 Palamedes
1998 2280 2234 2329 dicendus
2286 2292 2360 2327 est
2405 2283 2775 2347 grammaticus,

378 2348 625 2395 Athenaei
659 2350 973 2397 Naucratitae
1013 2348 1254 2411 aequalis,
1307 2348 1391 2395 abs
1437 2363 1536 2411 quo
1583 2348 1853 2409 semel²²⁰)
1898 2348 2026 2394 inter
2076 2344 2503 2412 deipnosophistas
2549 2350 2775 2396 nomina-

520 2584 607 2638 ²¹⁰)
633 2582 865 2637 Harpocr.
908 2594 946 2621 v.
987 2584 1247 2637 ξηραλοιφεῖν
1272 2602 1323 2611 -
1355 2581 1537 2631 Δίδυμος
1576 2580 1620 2621 ἕν
1659 2575 1711 2631 κῆ
1759 2583 1948 2634 τραγικῆς
1985 2579 2132 2629 λέξεως.
2196 2578 2257 2618 Cf.
2294 2577 2467 2619 Ranke.
2513 2580 2562 2620 de
2593 2580 2770 2633 Hesych-

375 2650 416 2691 p.
447 2641 536 2686 134.
567 2649 626 2692 sq.
681 2636 796 2689 Quod
825 2635 866 2676 in
891 2633 1034 2676 Bel-k.
1060 2634 1234 2675 Anecd.
1246 2637 1365 2684 334,1
1397 2633 1595 2673 excitatur
1626 2636 1810 2683 Δίδυμος
1845 2635 1888 2676 ἐν
1915 2636 1964 2687 τῇ
1989 2636 2160 2687 τροπικῇ
2185 2634 2296 2683 λέξει,
2326 2632 2498 2672 fortasse
2528 2647 2668 2673 rerum
2710 2641 2771 2673 est

375 2692 564 2744 (namque
591 2691 793 2745 τροπικὴν
823 2691 929 2742 λέξιν
953 2694 992 2728 et
1018 2687 1088 2730 alii
1116 2693 1421 2729 commemorant
1449 2692 1488 2726 et
1514 2685 1704 2743 Dionys.
1715 2686 1872 2727 Halic.
1902 2687 1949 2726 de
1979 2692 2070 2726 vett.
2097 2685 2303 2737 scriptorr.
2342 2698 2497 2727 consur.
2529 2701 2567 2740 p.
2596 2692 2689 2728 422.
2720 2690 2769 2727 «le

377 2744 429 2785 iis
471 2759 572 2798 quae
608 2746 794 2797 Thucyd.
833 2757 972 2796 propr.
1003 2749 1112 2794 suut,
1150 2756 1188 2796 p.
1215 2745 1349 2791 790„
1371 2753 1461 2781 eam
1498 2747 1632 2782 antem
1671 2740 1863 2794 singulari
1901 2739 2001 2780 libro
2042 2738 2250 2792 complecti
2291 2746 2398 2780 certe
2438 2740 2571 2782 minus
2610 2742 2768 2792 mirum,

373 2811 491 2891 guam
514 2796 905 2892 Isipgularialdloilx‘iitga
932 2801 1232 2890 καθαρᾶςᾱέῑιιὲ
1253 2799 1400 2887 σεμιῑοῆς
1434 2795 1552 2886 ἰδέαςι
1567 2801 1655 2887 ειιιιἸ
1671 2795 1793 2850 λόγου
1830 2798 2038 2863 πολιτικοῦ
2071 2793 2261 2886 εῖτ-ἐξῇτε),
2291 2794 2329 2832 id
2362 2795 2464 2846 quod
2495 2794 2765 2889 safltuithelsze

370 2859 520 2947 Aiizztd.
551 2859 721 2947 iga-co
779 2873 795 2893 ἐ
840 2849 2435 2958 Ἰἷ)8(1(ιῖ1ἑ.)ἨΥι’Ϊι]ιῗῙιί.ηΑηῑιιοΙῖιιῖἱῖῖ.63.ἰι-ξιὸἶωεᾳῖῃῗαγικῖιηςρῧειεμσὶιιῖηὲμὶεῑοὶ.
2466 2902 2516 2943 ad
2548 2849 2693 2954 Eiilogci
2723 2878 2766 2944 oi

370 2957 522 3010 δὲτὰς
561 2958 746 3015 κωμικὰς
782 2960 839 3004 Ζὸί
903 2958 970 3002 καὶ
1010 2955 1081 3009 τὰς
1118 2955 1310 3013 τραγικὰς
1343 2953 1644 3010 (συνιεθείκασι
1682 2955 1847 3012 λέξεις),
1880 2953 1936 3007 ὥς
1967 2956 2080 2999 Θέων
2116 2955 2204 2996 καὶ
2247 2958 2487 3010 Δίδυμος
2533 2958 2599 3000 καὶ
2637 2957 2761 3006 ἕτεροι

368 3019 562 3060 τοιοῦτοι.
633 3013 777 3071 Etym-
804 2976 868 3056 Ιῖ
904 3015 1006 3065 492,
1036 3015 1100 3053 52.
1145 3009 1167 3055 ὁ
1210 3011 1253 3054 δὲ
1283 3013 1467 3062 Δίδυμος
1492 3032 1543 3040 -
1572 3013 1677 3064 φησὶ
1703 3009 1780 3065 γάρ
1821 3013 1863 3052 ἐν
1890 3015 1947 3063 τῷ
1980 3013 2208 3060 κωμικῷ.
2275 3008 2431 3049 Eadem
2460 3011 2580 3050 habet
2617 3009 2757 3062 Etym.

371 3065 486 3109 Gnd.
514 3073 615 3119 401,
642 3073 707 3107 40.
763 3068 824 3108 Cf.
848 3064 1070 3108 Metneke.
1097 3065 1191 3107 hist.
1220 3064 1306 3106 crit.
1334 3078 1373 3115 p.
1391 3067 1454 3105 14.
1510 3062 1675 3117 Bergk.
1706 3069 1929 3106 commentt.
1960 3076 1998 3115 p.
2013 3065 2079 3103 66.
2136 3058 2242 3103 Otto
2267 3059 2525 3105 Schneider.
2558 3064 2606 3105 de
2634 3070 2755 3103 veter.

367 3119 413 3162 in
437 3121 697 3173 Aristophan.
724 3120 915 3163 scholior.
944 3133 983 3173 p.
1012 3122 1079 3164 95.
1283 3118 1370 3169 ²¹⁴>
1398 3115 1639 3171 Eupolidem
1668 3118 1887 3169 dubitanter
1915 3116 2065 3164 adieci3
2111 3115 2162 3155 cf.
2202 3115 2305 3157 Otto
2333 3115 2590 3157 Schneider.
2620 3131 2657 3169 p.
2690 3121 2753 3156 16.

366 3178 459 3230 ,²¹5)
484 3173 593 3220 0280
614 3172 876 3217 Schneider.
902 3187 942 3229 P·
962 3176 1035 3218 ,59·
1067 3186 1151 3227 sqq.
1179 3177 1242 3213 97.
1272 3184 1331 3225 Sq,
1526 3176 1613 3218 ²¹⁸)
1651 3170 1815 3212 Athen.
1844 3170 1919 3220 XI,
1949 3175 2040 3220 487,
2083 3184 2133 3218 c..
2156 3175 2374 3223 Παρέθετο
2411 3170 2458 3211 τὰ
2493 3174 2651 3224 ἰαμβεῖα
2688 3171 2756 3211 καὶ

365 3232 554 3283 Δίδυμος
577 3227 926 3281 καὶ»Πέμφιλος.’
964 3228 1102 3281 Neque
1130 3227 1236 3268 enim
1259 3226 1419 3266 dubium
1445 3231 1506 3266 est
1534 3226 1637 3267 haec
1666 3228 1716 3266 ad
1747 3223 1937 3265 comicum
1964 3222 2125 3265 lexicon
2158 3238 2249 3266 esse
2277 3224 2502 3266 referenda.
2580 3227 2664 3267 ²¹⁷)
2689 3222 2751 3264 Cf.

363 3281 599 3325 Ruhnken.
630 3282 757 3335 praef.
786 3282 827 3322 in
853 3281 1033 3336 Hesych.
1071 3280 1123 3322 T.
1150 3280 1197 3323 11.
1217 3295 1261 3334 p.
1287 3278 1353 3322 lx.
1384 3291 1446 3332 sq.
1506 3277 1721 3321 Welcker.
1758 3278 1797 3318 in
1834 3277 1941 3319 Mus.
1969 3277 2101 3319 Rhen.
2130 3284 2178 3331 2,
2205 3284 2296 3320 287.
2484 3281 2567 3329 ²¹⁸)
2598 3276 2749 3330 Steph-

362 3332 475 3393 Byz·
502 3349 555 3378 v..
572 3339 729 3382 Ninum
755 3357 809 3366 -·
829 3334 1084 3392 Ἐπιθέρσης
1108 3332 1384 3392 γραμματικὸς
1408 3332 1574 3388 γράψας
1608 3333 1698 3385 περὶ
1732 3334 1874 3383 λέξεων
1919 3331 2125 3376 Ἀττικῶν
2152 3337 2219 3375 καὶ
2255 3336 2492 3383 κωμικῶν
2528 3333 2595 3375 καὶ
2627 3349 2749 3385 τρα-

362 3394 540 3445 γικοῖν.
740 3395 832 3429 Ἰἣ
854 3388 1100 3437 Plutarch.
1139 3388 1281 3431 defeci.
1322 3388 1518 3429 oraculor.
1560 3386 1610 3427 T.
1640 3390 1676 3426 9.
1713 3400 1753 3439 p.
1782 3391 1870 3427 327.
1914 3383 2025 3428 Hutt.
2101 3386 2163 3429 Cf.
2203 3384 2420 3430 ,nameka
2463 3384 2488 3425 l.
2532 3399 2566 3426 c.
2604 3400 2648 3440 p.
2682 3388 2746 3426 15.

354 3445 460 3497 ‚²¹0)
486 3442 652 3487 Athen.
679 3444 747 3497 lx,
775 3449 866 3497 397,
893 3456 930 3484 a.
984 3442 1045 3485 ef.
1081 3440 1492 3499 Schweighaeuser.
1520 3441 1560 3483 in
1587 3440 1726 3493 Athen.
1746 3438 1811 3496 [T.
1840 3439 1870 3483 1.
1888 3436 1939 3494 ’μ
1969 3438 2036 3500 24.
2105 3499 2108 3500 ⁷
