3293 3960
1232 287 1336 295 —
1472 276 1602 308 xxn1
1737 290 1841 317 -ε

339 402 495 462 tisc'it',
542 405 728 461 ‘eoque
773 397 929 462 magis
958 396 1069 459 'qui
1117 395 1215 443 illis
1269 395 1579 444 familiariter
1624 397 1705 443 usi
1741 397 1894 458 sunt,
1952 397 2010 443 ad
2056 395 2202 445 officii
2247 399 2323 444 sui
2370 408 2531 462 partes
2577 397 2726 460 perti·

341 485 462 520 nere
509 464 905 526 arbitrabuntur,
961 479 1066 513 non
1110 464 1258 512 tacita
1300 471 1496 512 tantum
1544 463 1726 527 pietate
1771 463 1989 531 defungi.
2065 465 2119 512 In
2170 465 2512 514 GVILELMO
2557 473 2726 510 autem

344 533 620 584 GESENIO
662 547 816 595 quam
850 531 1037 595 cladem
1072 531 1318 595 acceperit
1345 530 1703 592 Fridericiana,
1754 542 1918 579 vester
1953 532 2120 592 dolor,
2171 544 2387 580 vestrum
2426 532 2727 578 desiderium

343 604 481 651 testis
515 600 804 649 luculentus
852 609 940 646 est.
1007 599 1100 646 Ille
1145 599 1276 645 enim
1323 606 1441 645 utut
1486 598 1794 647 eruditorum
1836 598 2098 646 hominum
2147 601 2327 647 iudicio
2374 600 2612 663 probatus
2660 599 2733 643 fa-·

343 686 523 733 maque
567 667 842 714 celebratus
879 676 1006 726 erat,
1051 676 1167 713 utut
1199 666 1508 712 sermonibus
1548 666 1924 728 Percrebruerat
1962 683 2064 712 non
2098 669 2324 729 Europae
2368 678 2592 725 tantum,
2641 665 2729 710 sed

343 737 597 784 Americae
632 748 864 795 quoque,
905 743 954 779 et
986 733 1027 779 si
1062 748 1185 793 quos
1219 731 1534 796 Aegyptus*)
1577 747 1711 778 nunc
1744 734 1909 780 doctos
1947 743 2116 779 coetus
2146 735 2323 793 habet,
2370 735 2524 798 magis
2558 744 2729 779 tamen

343 806 394 850 in
429 819 516 850 ore
552 810 601 849 et
632 800 686 847 in
718 799 878 845 oculis
911 805 1015 846 erat
1050 802 1311 845 doctorum
1346 798 1762 860 adolescentium,
1809 800 1986 862 quibus
2022 800 2225 864 contigit
2267 812 2323 846 ut
2371 817 2429 846 eo
2466 809 2727 846 uterentur

344 871 621 918 studiorum
650 881 855 913 suorum
890 865 1015 912 duce
1052 875 1102 912 et
1134 865 1463 914 moderatore.
1542 865 1772 927 Namque
1812 867 1897 928 qui
1940 867 2093 913 libros
2130 877 2322 913 tantum
2367 867 2425 913 ab
2474 882 2532 912 eo
2570 866 2726 912 editos

346 944 637 1001 cognorant,
673 932 853 995 quibus
887 948 1020 979 nunc
1052 932 1394 978 Hebraeorum
1430 932 1508 978 vel
1545 942 1703 978 artem
1738 933 2106 997 grammaticam
2143 934 2393 995 exposuit,
2439 934 2518 979 vel
2554 932 2726 979 verbo-

346 1018 455 1051 rum
493 999 870 1067 significationes
906 998 1164 1058 enodavit,
1212 998 1292 1044 vel
1325 1013 1578 1046 summum
1613 1007 1778 1044 vatem
1814 1009 1864 1045 et
1903 1000 2199 1063 prophetam
2243 1000 2593 1063 interpretatus
2639 1008 2728 1056 est,

345 1071 425 1118 vel
455 1067 775 1131 antiquitates
808 1075 858 1113 et
890 1066 1150 1113 historiam
1186 1066 1401 1129 aperuit,
1445 1080 1578 1113 nunc
1611 1065 1916 1114 Phoenicum
1953 1082 2081 1130 quae
2117 1076 2326 1114 aetatem
2360 1068 2586 1113 tulerunt
2619 1080 2726 1112 mo-

345 1148 585 1185 numenta
621 1133 914 1197 explicavit,
960 1147 1095 1185 nunc
1130 1133 1191 1180 ad
1225 1132 1410 1179 abditas
1443 1133 1496 1178 in
1532 1133 1748 1179 tenebris
1795 1135 2003 1180 aliorum
2041 1134 2242 1180 orientis
2288 1135 2588 1198 populorum
2636 1134 2727 1178 lin-

344 1218 464 1271 guas
495 1201 800 1270 penetravit,
845 1200 1152 1245 mirabantur
1194 1200 1267 1244 illi
1303 1200 1504 1264 quidem
1538 1201 1841 1267 singularem
1877 1203 1965 1246 viri
2008 1202 2324 1260 industriam,
2372 1216 2498 1264 quae
2551 1210 2625 1244 tot
2670 1201 2726 1242 li·

344 1274 444 1317 bris
489 1280 657 1319 tantae
703 1269 850 1311 molis
894 1270 1025 1312 intra
1063 1282 1247 1330 paucos
1290 1282 1444 1311 annos
1488 1268 1757 1310 scribendis
1792 1271 2063 1327 sufficeret,
2111 1271 2400 1329 exquisitam
2438 1269 2727 1322 doctrinam,

343 1339 643 1401 praeclaram
679 1334 1036 1394 eruditionem,
1084 1345 1275 1379 acutam
1321 1344 1372 1378 et
1416 1334 1752 1396 perspicacem
1797 1335 1984 1399 ingenii
2030 1346 2286 1393 naturam,
2331 1352 2487 1379 raram
2539 1334 2724 1396 perspi·

345 1406 602 1463 cuitatem,
650 1401 889 1448 rariorem
929 1401 1076 1447 etiam
1124 1400 1294 1447 iudicii
1334 1400 1657 1461 modestiam,
1702 1399 1828 1447 intra
1867 1402 2023 1448 iustos
2067 1402 2346 1448 intellectus
2391 1402 2627 1447 terminos
2675 1418 2725 1445 se

347 1469 644 1518 continentis
696 1485 861 1530 neque
905 1468 1031 1514 scire
1075 1467 1332 1533 gestientis
1378 1467 1522 1513 etiam
1572 1483 1700 1529 quae
1746 1469 1855 1514 sciri
1898 1469 2177 1530 nequirent.
2262 1470 2323 1513 At
2356 1484 2469 1514 vero
2516 1469 2602 1530 qui
2647 1485 2724 1513 ve-

344 1550 526 1598 strum,
587 1536 745 1596 cives,
780 1535 956 1582 scholis
1003 1535 1061 1581 ab
1110 1552 1172 1581 eo
1216 1533 1393 1581 habitis
1439 1534 1732 1587 intererant,
1775 1552 1936 1597 neque
1981 1536 2178 1582 illarum
2227 1536 2461 1581 virtutum
2507 1536 2723 1581 fructum

345 1622 449 1652 non
500 1603 839 1668 percipiebant
886 1612 934 1648 et
983 1618 1062 1662 eas
1106 1602 1363 1660 videbant,
1419 1617 1538 1663 quas
1579 1602 1654 1648 illi
1698 1602 1952 1666 ignorant,
2003 1604 2204 1648 eximias
2251 1603 2451 1663 inquam
2504 1603 2725 1667 magistri

346 1672 627 1730 facultates,
675 1670 760 1731 qui
812 1669 871 1715 ad
919 1669 1226 1728 docendum,
1281 1669 1322 1713 si
1357 1670 1463 1729 quis
1498 1670 1648 1727 aliuS,
1694 1684 1795 1714 non
1831 1671 2014 1729 factus,
2059 1685 2161 1715 non
2212 1670 2463 1714 institutus
2509 1670 2593 1714 sed
2641 1685 2726 1713 na-

344 1750 455 1785 tura
494 1738 634 1800 quasi
676 1738 783 1799 ipsa
827 1738 1066 1781 formatus
1102 1736 1372 1799 videbatur.
1455 1736 1590 1781 Adeo
1635 1736 1722 1781 ille
1758 1735 2090 1782 adolescentes
2135 1736 2194 1782 ad
2245 1753 2297 1780 se
2343 1736 2540 1781 allicere
2574 1746 2623 1780 et
2663 1736 2721 1781 ad

343 1822 485 1865 eam,
534 1820 684 1867 quam
713 1804 819 1866 ipse
862 1803 1208 1864 profitebatur,
1258 1812 1413 1847 artem
1459 1803 1536 1847 vel
1580 1802 1760 1848 invitos
1807 1814 1855 1848 et
1895 1803 2114 1868 ingratiis
2161 1803 2384 1861 trahere,
2435 1819 2555 1863 quos
2608 1820 2724 1847 vero

347 1881 609 1934 captasset,
658 1886 740 1916 eos
788 1870 1028 1928 retinere,
1083 1868 1257 1915 eorum
1303 1869 1496 1932 ingenia
1548 1869 1813 1915 incendere
1861 1881 1909 1915 et
1955 1886 2133 1915 acuere
2177 1870 2374 1916 sciebat.
2461 1870 2725 1915 Referebat

345 1940 479 1985 enim
516 1937 654 2000 quasi
683 1937 938 2000 *duplicem
987 1945 1240 1996 naturam,
1267 1952 1395 1993 ‚non
1425 1936 1589 1981 minus
1627 1936 1773 1995 cotis,
1828 1952 1952 1997 quae
1987 1938 2173 1982 ferrum
2202 1938 2358 1994 acuit,
2414 1953 2561 1999 quam
2598 1937 2725 1982 acuti

344 2007 472 2053 ferri.
540 2005 715 2067 Neque
752 2015 855 2050 erat
889 2003 1023 2065 quod
1057 2003 1291 2049 mirarere
1337 2013 1419 2049 aut
1463 2012 1661 2049 tantum
1714 2004 1981 2049 iuventutis
2028 2004 2276 2063 studium,
2335 2013 2435 2049 tam
2487 2004 2722 2050 eximium

341 2084 394 2120 et
427 2072 676 2139 singulare
713 2072 949 2118 excitasse
981 2087 1123 2131 eum,
1169 2070 1221 2117 in
1256 2087 1353 2132 quo
1389 2070 1514 2116 nihil
1551 2080 1679 2118 esset
1710 2071 2112 2133 superciliorum,
2165 2071 2291 2118 nihil
2327 2071 2584 2117 simulatae
2619 2087 2723 2136 gra·

344 2141 530 2199 vitatis,
579 2140 705 2186 nihil
756 2138 1013 2201 superbiae
1061 2148 1111 2184 et
1156 2139 1334 2196 fastus,
1393 2139 1548 2200 qualis
1596 2154 1969 2198 nonnumquam
2020 2148 2092 2184 est
2138 2139 2400 2184 doctorum
2448 2139 2723 2196 hominum,

345 2208 470 2256 nihil
503 2222 729 2255 morosae
761 2205 1011 2265 tristitiae,
1047 2201 1172 2251 nihil
1207 2220 1466 2271 rugarum,
1513 2205 1639 2251 nihil
1671 2205 1796 2252 lenti
1831 2204 2075 2267 tardique,
2128 2205 2344 2267 denique
2379 2205 2501 2251 nihil
2526 2205 2723 2268 putidae

347 2275 655 2339 diligentiae,
692 2275 846 2335 qualis
879 2274 1158 2332 μικρολόγων
1204 2268 1302 2331 est,
1337 2282 1422 2317 aut
1461 2273 1680 2318 maximo
1713 2273 1886 2335 plausu
1932 2273 2221 2334 amplissimi
2270 2273 2575 2317 audientium
2613 2289 2727 2317 con-

344 2357 505 2387 sessus
542 2351 804 2402 exceptum
852 2357 959 2386 esse
1006 2357 1145 2398 eum,
1197 2340 1336 2385 cuius
1383 2349 1511 2383 esset
1552 2350 1748 2401 praeter
1792 2340 2088 2403 singularem
2144 2340 2379 2384 orationis
2425 2340 2723 2385 evidentiam

344 2407 558 2454 maxima
605 2407 702 2453 oris
749 2409 927 2471 gratia,
973 2422 1164 2472 summa
1213 2405 1453 2452 sermonis
1500 2406 1761 2466 festivitas,
1815 2406 1988 2452 eximia
2037 2405 2282 2452 dictorum
2332 2406 2598 2470 elegantia,
2652 2407 2726 2452 iu-

343 2473 560 2523 venilem
602 2483 769 2521 autem
814 2473 1036 2539 vigorem
1094 2472 1350 2521 hilariores
1395 2472 1559 2521 vultus
1608 2472 1889 2536 alacresque
1942 2473 2155 2536 corporis
2205 2481 2367 2519 motus
2414 2482 2727 2533 testarentur,

345 2541 560 2604 denique
605 2541 691 2604 qui
740 2549 933 2588 tantum
973 2541 1165 2587 abesset
1201 2548 1256 2585 ut
1292 2554 1403 2586 cum
1439 2541 1726 2601 iuvenibus,
1774 2550 1827 2587 ut
1871 2554 1933 2585 ne
1979 2541 2037 2585 ab
2083 2541 2345 2586 iuvenibus
2406 2540 2605 2602 quidem
2658 2542 2728 2586 di·

347 2624 483 2655 scere
518 2608 880 2673 dedignaretur.

475 2675 664 2720 Verum
707 2676 841 2720 enim
886 2690 1003 2721 vero
1053 2675 1313 2720 Gesanium
1364 2675 1404 2718 si
1453 2689 1622 2719 earum
1660 2690 1826 2720 rerum
1864 2674 2087 2732 nomine,
2125 2689 2242 2734 quas
2280 2675 2418 2719 vivus
2455 2674 2728 2736 vidensque

346 2742 463 2789 fecit
497 2752 547 2789 et
581 2754 877 2788 consecutus
916 2754 1003 2802 est,
1038 2743 1247 2800 felicem,
1270 2757 1437 2786 earum
1476 2758 1659 2801 caussa,
1690 2758 1807 2803 quas
1843 2752 2149 2804 praematura
2170 2752 2331 2786 morte
2354 2741 2538 2801 vitavit,
2572 2741 2728 2787 fortu-

347 2819 519 2855 natum
547 2810 831 2871 praedicare
865 2810 996 2856 licet.
1063 2809 1227 2855 Taceo
1262 2808 1381 2867 alia,
1417 2825 1593 2855 verum
1630 2810 1837 2874 contigit
1870 2808 1938 2867 ei,
1973 2820 2026 2853 ut
2062 2823 2217 2869 paene
2247 2808 2305 2853 ad
2341 2808 2574 2855 ultimum
2608 2809 2729 2854 hali-

345 2887 455 2923 tum
485 2876 634 2923 vitam
670 2892 789 2940 suae
824 2878 915 2923 arti
964 2883 1293 2936 consecraret,
1342 2886 1570 2937 essetque
1619 2877 1665 2923 ei
1712 2876 1842 2922 idem
1877 2876 1980 2922 fere
2026 2876 2125 2920 dies
2161 2884 2411 2920 extremus
2448 2876 2600 2935 vitae,
2645 2878 2727 2939 qui

352 2954 602 2990 extremus
639 2944 941 3003 studiorum3
979 2944 1158 2990 deinde
1191 2953 1248 2988 ut
1278 2953 1517 3005 perpetuo
1553 2944 1610 2989 iis
1646 2945 1883 3007 placeret,
1919 2944 2094 3004 quibus
2129 2943 2396 3004 placuisse,
2433 2944 2725 3006 displiceret,

353 3010 530 3073 quibus
580 3009 883 3073 displicuisse
918 3027 1031 3058 non
1074 3011 1250 3058 ultima
1295 3010 1401 3056 laus
1448 3020 1533 3057 est.
1641 3011 1858 3059 Excessit
1902 3019 2069 3055 autem
2113 3010 2211 3055 vita
2258 3009 2352 3069 sic,
2406 3019 2459 3056 ut
2508 3012 2726 3076 ingrave—

349 3077 529 3124 scentis
578 3078 750 3141 aetatis
794 3078 1135 3139 incommoda,
1180 3086 1238 3122 ut
1289 3092 1463 3140 aegrae
1524 3078 1815 3123 valetudinis
1860 3077 2130 3133 molestiaS,
2184 3086 2239 3121 ut
2287 3077 2605 3123 solitudinem
2652 3093 2724 3121 se-

347 3144 586 3204 nectutis,
639 3155 717 3198 ut,
743 3146 890 3191 etiam
925 3154 1307 3208 tempestatum,
1358 3144 1398 3188 si
1435 3160 1561 3206 quae
1597 3146 1724 3190 forte
1759 3144 1944 3189 liberali
1992 3144 2268 3188 studiorum
2313 3145 2595 3205 disciplinae
2637 3145 2723 3188 im-

339 3211 590 3277 pendent,
637 3212 831 3258 tristem
877 3212 1164 3276 adspectum
1211 3211 1478 3276 effugeret,
1536 3212 1832 3257 desiderium
1879 3220 2044 3255 autem
2096 3212 2172 3255 sui
2220 3211 2523 3273 relinqueret
2566 3226 2722 3272 paene

403 3393 452 3447 ¹¹²)
487 3393 631 3457 Quinto
659 3397 813 3438 demum
845 3403 934 3450 post
963 3395 1124 3438 Gesenii
1152 3396 1274 3438 fatum
1301 3409 1439 3440 mense
1468 3396 1645 3440 redditae
1675 3405 1762 3438 sunt
1799 3394 1975 3447 litterae,
2027 3397 2167 3449 quibus
2193 3410 2281 3439 eum
2324 3397 2532 3440 studiorum
2565 3407 2722 3435 snorum

494 3460 644 3492 socium
673 3458 904 3504 cooptarunt
932 3451 1072 3492 eruditi
1108 3451 1333 3493 Cairenscs.
